2767 3576
1411 295 1473 343 ll

474 420 603 471 hunc,
631 419 707 463 sed
733 419 862 462 etiam
890 423 1026 474 auqet.
1086 418 1294 463 Horatius
1316 421 1355 460 3.
1378 421 1418 469 6,
1441 421 1496 459 45
1513 431 1523 459 :
1539 416 1765 460 'damnosa
1795 419 1900 472 quid
1918 432 2007 461 non
2027 420 2246 463 imminuit
2266 419 2358 461 dies
2371 420 2397 460 ἓ

475 478 525 521 Α.
558 478 605 521 Ρ.
638 480 747 521 293;
778 476 892 531 quod
919 489 1009 520 mm
1037 475 1174 518 multa
1201 474 1292 518 dies
1321 478 1363 517 et
1392 473 1528 516 multa
1558 474 1691 516 litura
1721 477 1917 517 coercuit.
1977 478 2143 521 Statius
2174 478 2275 520 Silv.
2303 482 2339 518 1.
2360 482 2395 527 l,

478 539 554 579 94:
599 535 732 579 stabit
758 534 862 578 dum
890 537 1010 578 terra
1032 532 1268 588 polusque,
1295 531 1397 575 dum
1426 545 1608 575 romana
1636 532 1740 575 dies.
1801 533 2093 588 Distinguitur
2121 549 2223 578 vero
2255 548 2282 578 8
2311 536 2398 577 Lu-

476 593 610 635 cretio
640 605 692 635 eo
722 593 816 635 loco
847 603 973 647 quem
1002 593 1241 634 tractamus
1272 590 1547 641 diuturnitas,
1580 602 1665 644 qua
1694 602 1766 633 res
1796 591 1990 645 singulae
2021 596 2340 644 consumuntur,
2373 604 2399 635 a

475 655 717 703 temporum
755 650 939 692 decursu
976 648 1198 699 universo,
1243 659 1327 700 quo
1368 647 1444 690 illa
1485 647 1749 690 diuturnitas
1789 649 2098 701 quodammodo
2140 650 2397 693 continetur.

476 706 669 759 Denique
700 707 753 748 de
783 705 885 748 libri
913 709 941 746 4
970 719 1009 746 v.
1041 708 1126 745 416
1157 679 1384 746 dicendum
1414 709 1495 744 est.
1565 703 1651 745 Ubi
1682 716 1777 745 cum
1808 705 1942 747 codex
1971 706 2178 761 oblongus
2208 706 2396 749 habeat:

826 760 980 805 nubila
1009 761 1223 814 despicere
1254 764 1294 802 et
1323 760 1485 802 caelum
1516 765 1564 802 ut
1593 761 1765 802 videare
1794 761 1936 803 videre

824 830 1010 872 corpora
1038 817 1233 861 mirande
1261 816 1337 859 sub
1369 820 1508 859 terras
1536 816 1684 859 abdita
1715 817 1841 868 caelo,

479 878 775 920 Lachmannus
804 876 993 919 violenta
1023 874 1270 918 coniectura
1299 873 1494 918 versibus
1524 873 1802 928 transpositis
1833 873 1963 919 scribi
1993 876 2128 919 voluit

824 937 886 976 ut
910 945 982 990 pr
994 944 1090 985 ope
1118 931 1368 974 miraclo
1398 931 1477 973 sub
1508 935 1648 973 terras
1676 931 1826 975 abdita
1856 931 1963 975 caeli

825 987 977 1031 nubila
1006 990 1216 1041 dispicere
1245 994 1285 1029 et
1315 989 1478 1028 caelum
1507 989 1679 1029 videare
1709 990 1875 1041 videre,

478 1048 510 1091 I.
542 1047 735 1102 Bernays
764 1046 903 1090 lenius
932 1044 1132 1090 Lambini
1161 1046 1233 1100 (et,
1265 1045 1389 1098 caeli)
1421 1049 1467 1087 et
1495 1046 1757 1089 Lachmanni
1788 1047 2032 1100 (dispicere,
2072 1048 2268 1101 miruolo)
2300 1059 2400 1089 con·

479 1105 655 1149 iecturis
685 1104 842 1158 partim
872 1102 1068 1158 probatis
1097 1103 1257 1157 partim
1286 1102 1459 1146 reiectis

823 1161 974 1204 nubila
1003 1161 1218 1213 dispicere
1246 1165 1288 1202 et
1316 1160 1480 1202 caelum
1510 1166 1558 1200 ut
1586 1160 1759 1201 videare
1788 1161 1931 1202 videre
1959 1165 2000 1202 et

827 1230 1012 1273 corpora
1040 1217 1218 1262 miraclo
1248 1216 1327 1261 sub
1359 1220 1497 1261 terras
1527 1215 1677 1260 abdita
1707 1217 1824 1261 caeli.

480 1278 540 1318 Ει
570 1277 826 1331 particulam
856 1276 961 1319 ferri
990 1288 1075 1319 non
1104 1287 1233 1330 posse
1263 1278 1309 1318 et
1337 1276 1387 1318 E.
1420 1273 1584 1318 Goebel
1614 1274 1848 1319 observatt.
1880 1276 2031 1320 lucret.
2055 1290 2095 1331 p.
2113 1280 2165 1320 36
2181 1289 2272 1331 sqq.
2295 1275 2400 1319 vidit

481 1340 525 1376 et
556 1335 633 1376 Th.
655 1334 801 1388 Bergk
829 1334 917 1376 ind.
932 1334 1065 1384 schol.
1081 1334 1246 1376 11818118.
1272 1337 1383 1374 1865
1404 1346 1445 1399 p.
1460 1333 1534 1384 VI,
1561 1334 1638 1374 sed
1668 1338 1848 1387 uterque
1880 1335 2136 1378 coniecturis
2167 1346 2274 1389 opus
2305 1345 2399 1377 esse

484 1391 651 1435 censuit
678 1391 794 1435 haud
823 1391 887 1434 ita
916 1380 1108 1442 lenibus,
1149 1403 1244 1433 cum
1272 1390 1377 1432 mihi
1406 1390 1451 1432 in
1481 1390 1568 1441 eis,
1609 1403 1719 1444 quae
1751 1392 1958 1446 oblongus
1988 1392 2141 1443 habet,
2173 1392 2278 1434 nihil
2308 1404 2400 1433 mu-

481 1448 660 1492 tandum
689 1460 786 1492 esse
815 1447 1039 1500 videatur,
1082 1460 1210 1502 quam
1238 1447 1445 1501 dispicere
1484 1460 1579 1490 cum
1608 1448 1904 1501 Lachmanno,
1945 1450 2142 1492 mirando
2183 1462 2276 1492 cum
2308 1449 2400 1491 Ma-

483 1507 614 1558 rullo,
661 1506 770 1548 caeli
799 1518 895 1549 cum
925 1482 1157 1557 Lambino,
1202 1509 1252 1548 ut
1281 1505 1496 1548 sententia
1537 1505 1644 1547 haec
1686 1506 1767 1548 sit:
1818 1511 1868 1549 ut
1905 1506 1985 1549 11111
2026 1507 2212 1550 videaris
2254 1505 2398 1549 nubila

485 1563 695 1616 dispicere
726 1566 772 1606 et
801 1563 966 1606 caelum
995 1562 1155 1614 videre,
1186 1562 1347 1605 mirans
1377 1575 1558 1616 corpora
1588 1563 1696 1604 caeli
1729 1563 1809 1605 sub
1840 1568 1982 1606 terras
2011 1564 2160 1607 abdita
2181 1576 2289 1606 8888
2333 1563 2398 1605 Ι)8

482 1620 686 1674 gerundio
724 1621 786 1664 sic
815 1623 1023 1675 usurpato
1064 1620 1110 1663 in
1137 1620 1348 1674 Philologi
1378 1621 1459 1663 vol.
1495 1624 1546 1663 19
1578 1633 1619 1673 p.
1653 1623 1736 1663 253
1768 1633 1859 1675 sqq.
1903 1622 2079 1675 exposui
2119 1626 2185 1673 et,
2228 1634 2281 1663 ne
2312 1621 2397 1662 Lu-

485 1679 643 1720 cretius
674 1679 735 1721 sic
767 1690 818 1723 eo
847 1690 932 1720 non
948 1690 1066 1727 ,usus
1097 1690 1192 1720 esse
1221 1678 1439 1730 videatur,
1478 1677 1662 1720 conferri
1693 1683 1733 1729 4,
1770 1681 1875 1721 1201
1909 1680 2049 1722 velim.

471 1784 473 1787 ¹
602 1735 795 1788 Denique
826 1735 906 1777 1188
937 1735 1249 1777 commentandi
1279 1736 1500 1781 occasione
1527 1739 1639 1786 utor,
1671 1740 1720 1777 ut
1749 1737 2012 1788 prooemium
2032 1736 2131 1778 libri
2152 1736 2278 1789 primi
2299 1735 2399 1776 inde

487 1805 510 1834 8
541 1805 578 1833 v.
614 1795 666 1834 38
708 1804 844 1845 usque
875 1791 930 1834 ad
960 1805 997 1833 v.
1034 1795 1115 1833 150
1146 1804 1196 1833 eo
1227 1792 1375 1834 ordine
1405 1804 1664 1845 proponam,
1712 1805 1837 1844 quem
1867 1798 1996 1846 poeta
2024 1794 2265 1835 instituisse
2295 1792 2400 1833 mihi

484 1848 675 1900 videtur,
722 1848 862 1891 causis
893 1852 938 1891 et
965 1847 1226 1900 rationibus,
1264 1848 1417 1902 quibus
1446 1852 1495 1891 ut
1525 1860 1622 1891 eum
1651 1848 1880 1902 probarem
1910 1855 2146 1893 commotus
2177 1862 2283 1900 sum,
2316 1862 2400 1890 non

485 1906 701 1959 expositis.
763 1906 962 1959 Experiri
992 1906 1103 1947 enim
1133 1906 1281 1958 velim,
1324 1919 1424 1948 num
1453 1907 1560 1948 haec
1590 1907 1783 1953 recensio
1815 1919 1861 1950 se
1892 1921 1970 1961 per
2000 1920 2046 1950 se
2077 1908 2171 1961 ipsa
2201 1910 2399 1950 tueatur:

486 1963 671 2005 fortasse
703 1963 814 2005 enim
843 1963 924 2005 hoc
954 1963 1016 2005 ita
1045 1962 1214 2005 facilius
1243 1963 1466 2017 impetrari
1496 1967 1653 2016 potest,
1685 1976 1812 2017 quam
1843 1965 1880 2007 si
1908 1978 2089 2019 operosa
2110 1964 2401 2018 disputatione

486 2020 741 2063 sententiam
771 2033 910 2063 meam
940 2020 1234 2063 commendare
1264 2021 1460 2063 studeam
1502 2021 1650 2062 ordine
1688 2034 1888 2064 versuum
1926 2024 2287 2077 transpositorum
2317 2033 2401 2063 non

486 2078 619 2121 oculis
639 2078 872 2132 proposito,
904 2077 981 2121 sed
1002 2090 1133 2132 opera
1159 2078 1341 2122 molesta
1370 2079 1463 2122 eius
1494 2079 1727 2136 quaerendi
1757 2080 1991 2144 lectoribus
2022 2085 2177 2135 poetae
2198 2081 2401 2123 iniuncta.

490 2136 718 2189 Complura
748 2136 942 2189 equidem
973 2135 1027 2178 ab
1057 2136 1155 2177 aliis
1167 2140 1323 2188 1·8,818
1365 2140 1414 2178 111
1444 2149 1538 2179 11188
1568 2140 1636 2178 881
1666 2137 1830 2193 01111110,
1875 2139 2048 2181 inventa
2091 2143 2263 2181 secutus
2295 2149 2401 2188 sum,

488 2206 596 2293 quiae
627 2194 699 2246 qui
728 2193 973 2235 Lucretium
1003 2197 1212 2240 noverunt
1241 2193 1367 2236 facile
1399 2198 1643 2248 agnoscent.
1713 2190 1940 2238 Lucretius
1982 2197 2114 2250 igitur
2154 2197 2260 2238 11888
2298 2194 2403 2236 mihi

486 2264 526 2292 111
560 2254 656 2293 81111·
686 2250 935 2302 scripsisse:

716 2307 826 2350 hunc
856 2311 925 2358 tu,
958 2306 1076 2358 diva,
1108 2310 1182 2349 tuo
1212 2306 1488 2349 recubantem
1519 2320 1697 2360 corpore
1730 2314 1878 2350 sancto

718 2365 875 2407 circum
905 2364 1002 2406 fusa
1032 2376 1162 2417 super
1192 2364 1335 2406 suavis
1366 2377 1418 2406 ex
1449 2377 1523 2406 ore
1554 2365 1766 2418 loquellas

546 2425 601 2463 40
718 2421 847 2463 funde
877 2425 1029 2473 petens
1058 2421 1271 2473 placidam
1300 2421 1515 2471 Romanis,
1547 2422 1721 2472 incluta,
1754 2435 1930 2474 pacem:

719 2491 817 2521 nam
847 2490 983 2531 neque
1014 2490 1092 2520 nos
1123 2490 1251 2531 agere
1280 2478 1361 2520 1108
1390 2478 1548 2531 patriai
1577 2482 1771 2531 tempore
1802 2480 1946 2533 iniquo

717 2548 942 2588 possumus
973 2547 1108 2588 aequo
1139 2536 1277 2577 animo
1308 2548 1444 2588 neque
1475 2536 1648 2577 Memmi
1679 2536 1796 2577 clara
1827 2550 2016 2591 propago

547 2596 603 2636 43
725 2592 883 2635 talibus
913 2592 957 2635 in
986 2591 1117 2635 rebus
1148 2592 1356 2635 communi
1387 2592 1511 2635 desse
1543 2592 1686 2635 saluti.

548 2654 600 2691 62
720 2651 917 2692 Humana
946 2653 1045 2692 ante
1077 2650 1222 2692 oculos
1252 2649 1375 2692 foede
1408 2661 1502 2693 cum
1534 2650 1624 2692 vita
1654 2649 1817 2692 iaceret

719 2708 761 2747 in
791 2707 920 2748 terris
951 2719 1159 2759 oppressa
1189 2708 1309 2761 gravi
1342 2707 1421 2748 sub
1452 2707 1683 2760 religione,

719 2777 826 2817 quae
858 2768 986 2816 caput
1016 2777 1042 2806 a
1073 2765 1181 2806 caeli
1209 2764 1455 2817 regionibus
1486 2764 1746 2806 ostendebat

549 2825 601 2865 65
719 2820 914 2865 horribili
945 2834 1074 2875 super
1104 2825 1283 2875 aspectu
1311 2821 1566 2865 mortalibus
1595 2823 1788 2873 instans,

720 2880 900 2933 primum
930 2879 1074 2932 graius
1104 2879 1228 2922 homo
1259 2879 1456 2922 mortalis
1485 2879 1641 2922 tollere
1674 2883 1825 2922 contra

724 2941 792 2979 est
823 2937 966 2979 oculos
997 2948 1126 2979 ausus
1157 2937 1403 2990 primusque
1431 2935 1644 2979 obsistere
1677 2940 1852 2979 contra:

722 3007 846 3048 quem
875 3006 1012 3047 neque
1042 2993 1142 3036 fana
1172 2995 1298 3036 deum
1327 3007 1405 3036 nec
1436 2994 1615 3037 fulmina
1647 3007 1725 3036 nec
1756 2993 1972 3035 minitanti

2031 3072 2103 3112 2.
