2767 3576
629 528 1151 621 ΑΟΑΒΕΜΙΑΕ
1213 552 1674 617 GEORGIAE
1733 552 2199 618 AUGUSTAE

1178 664 1221 711 P
1231 663 1280 711 R
1290 664 1336 710 Ο
1347 663 1395 711 R
1404 663 1448 710 E
1459 662 1501 711 C
1512 664 1555 711 T
1565 662 1612 709 Ο
1623 662 1672 710 R

517 761 1222 852 AEMILIUS
1295 758 2136 850 HERRMANN
2212 762 2327 849 D.

996 897 1239 944 CUM
1341 893 1854 944 SENATU.

545 1180 1084 1234 ·Car01usLachmannus‚
1115 1182 1181 1225 vir
1197 1181 1452 1224 immortalis
1483 1182 1731 1234 memoriae,
1763 1181 1809 1224 in
1840 1178 2151 1223 commentario
2181 1180 2381 1222 carminis

449 1237 678 1284 lucretiani
722 1240 810 1285 tria
851 1240 1012 1285 codicis
1052 1241 1277 1298 archetypi
1320 1240 1490 1284 saeculo
1528 1244 1687 1296 quarto
1719 1240 1924 1296 quintove
1965 1239 2199 1294 conscripti
2236 1238 2385 1282 docuit

450 1298 624 1343 saeculo
654 1314 767 1343 nono
798 1300 1051 1356 apographa
1081 1301 1300 1344 exstitisse
1330 1313 1564 1355 eorumque
1595 1314 1728 1343 unum
1759 1313 1858 1342 eum
1892 1299 2036 1354 ipsum
2067 1311 2162 1341 esse
2193 1297 2382 1341 codicem

450 1358 571 1413 prius
594 1359 909 1414 maguntinum,
939 1373 1054 1402 nunc
1078 1358 1400 1415 lugdunensem,
1433 1372 1561 1414 quem
1582 1359 1818 1413 Oblonyum
1841 1357 1962 1411 dicit,
1993 1357 2177 1406 alterum
2209 1356 2383 1399 aFran-

448 1417 563 1459 cisco
592 1415 754 1472 Poggio
791 1417 1044 1460 Florentino
1084 1419 1128 1459 in
1159 1417 1332 1459 Italiam
1373 1417 1565 1458 delatum
1596 1431 1713 1469 esse,
1754 1417 1877 1458 tertii
1918 1416 2180 1471 propagines
2217 1420 2260 1456 et
2291 1416 2382 1469 lug-

450 1473 685 1516 dunensem
716 1473 901 1517 alterum
919 1509 929 1528 ,
961 1489 1089 1530 quem
1124 1476 1393 1529 Quadratum
1425 1479 1564 1528 vocat,
1598 1480 1642 1517 et
1671 1474 1855 1517 schedas
1886 1474 2099 1529 quasdam
2131 1474 2382 1515 havuienses

450 1537 493 1573 et
522 1531 865 1575 vindobonenses
896 1547 1004 1575 esse.
1065 1532 1184 1575 Haec
1213 1533 1494 1575 fundamenta
1528 1533 1635 1574 artis
1669 1533 1847 1574 criticae
1878 1533 1923 1574 in
1953 1531 2145 1574 Lucretii
2177 1531 2297 1572 libris
2330 1531 2381 1571 de

448 1603 593 1632 rerum
624 1593 783 1632 natura
809 1589 1036 1633 faciundae
1075 1590 1318 1633 certissima
1356 1604 1449 1633 esse
1487 1591 1733 1644 quicunque
1771 1590 1881 1633 artis
1922 1604 2009 1632 non
2052 1589 2243 1643 imperiti
2284 1592 2383 1630 sunt

450 1647 736 1699 consentiunt,
768 1648 845 1690 sed
874 1652 924 1690 ut
954 1648 1136 1690 alterius
1166 1648 1338 1703 codicis,
1370 1648 1585 1702 deperditi
1614 1647 1756 1699 illius,
1788 1651 1840 1690 ut
1869 1647 2061 1699 videtur,
2093 1647 2216 1689 cuius
2248 1646 2382 1688 Lach-

447 1718 630 1746 mannus
661 1705 957 1760 apographum
988 1706 1044 1747 ab
1062 1706 1249 1748 Antonio
1262 1705 1390 1747 Marii
1405 1705 1454 1747 F.
1484 1706 1659 1748 notario
1673 1705 1928 1748 Florentino
1949 1706 2065 1748 circa
2086 1718 2246 1747 annum
2274 1707 2382 1745 1440

448 1762 656 1817 scriptum
687 1767 887 1816 noverat,
930 1764 1127 1806 notitiam
1159 1764 1289 1819 paulo
1318 1763 1556 1818 pleniorem
1587 1764 1935 1806 nancisceremur
1965 1777 2044 1818 per
2074 1763 2264 1805 codicem
2295 1776 2383 1803 mo-

446 1831 673 1863 nacensem
700 1823 798 1864 816.
820 1835 860 1873 a,
893 1821 1064 1864 saeculo
1081 1822 1234 1877 quinto
1264 1821 1429 1864 decimo
1449 1821 1495 1863 in
1525 1821 1689 1864 chartis
1718 1822 1994 1876 pergamenis
2024 1822 2133 1864 satis
2165 1820 2384 1875 eleganter

451 1878 673 1934 scriptum,
704 1879 778 1934 qui
806 1879 909 1922 olim
934 1879 1054 1922 Petri
1084 1879 1265 1922 Victorii
1291 1880 1394 1931 fuit,
1427 1879 1624 1922 effectum
1657 1884 1737 1922 est.
1798 1879 1864 1922 De
1894 1893 1981 1936 quo
2013 1894 2109 1922 cum
2140 1880 2302 1934 primus
2334 1878 2380 1920 L.

450 1935 636 1992 Spengel
676 1938 900 1992 (Gelehrte
936 1939 1154 1993 Anzeigen
1195 1938 1237 1980 d.
1280 1938 1333 1980 K.
1372 1938 1517 1994 bayer.
1559 1938 1798 1980 Akademie
1840 1938 1919 1980 der
1960 1938 2091 1980 Wiss.
2124 1937 2219 1980 Vol.
2256 1940 2308 1978 33
2339 1951 2380 1991 p.
2466 1969 2469 1971 .

450 1996 533 2037 772
566 1996 681 2050 sqq.)
727 1996 989 2050 monuisset,
1036 1997 1279 2040 accuratius
1322 1996 1477 2040 deinde
1507 1995 1558 2039 G.
1591 1995 1739 2039 Christ
1771 1997 2071 2052 (quaestiones
2102 1994 2380 2039 lucretianae.

448 2051 665 2096 Monachii
701 2056 852 2108 1855),
890 2053 1119 2098 Eduardus
1153 2054 1318 2098 Goebel
1349 2055 1421 2108 (de
1454 2054 1623 2097 schedis
1653 2054 1827 2097 vindob.
1858 2059 1903 2097 et
1940 2056 2088 2098 codice
2121 2056 2266 2097 victor.
2297 2054 2381 2095 Lu-

449 2111 586 2164 cretii,
618 2112 663 2153 in
693 2110 803 2153 Mus.
844 2111 963 2154 rhen.
1008 2115 1060 2154 12
1091 2125 1133 2167 p.
1166 2115 1249 2154 449
1281 2125 1375 2167 sqq.
1408 2112 1686 2167 quaestiones
1727 2112 1881 2156 lucret.
1923 2113 2113 2155 criticae.
2167 2111 2379 2155 Iuvaviae.

452 2172 576 2210 1857.
636 2169 723 2210 Zur
739 2168 1032 2211 Texteskritik
1063 2170 1343 2222 des Lucrez,
1377 2170 1423 2212 in
1450 2169 1560 2212 Mus.
1577 2169 1698 2212 rhen.
1725 2173 1775 2211 15
1799 2184 1841 2225 p.
1861 2173 1945 2212 401
1966 2178 2097 2226 sqq),
2130 2169 2380 2211 Theodorus

446 2224 591 2281 Bergk
622 2227 684 2281 (in
700 2227 844 2268 annal.
863 2226 1121 2282 philologiae
1151 2228 1231 2270 vol.
1249 2231 1303 2269 83
1322 2242 1363 2283 p.
1382 2230 1464 2269 316
1476 2228 1591 2283 sqq.)
1612 2232 1917 2282 exposuerunt.
1963 2228 2232 2283 Quamquam
2254 2228 2299 2268 in
2330 2240 2382 2268 eo

447 2283 593 2327 codice
622 2284 853 2338 Italorum,
894 2285 1008 2340 apud
1040 2299 1148 2340 quos
1179 2299 1326 2327 recens
1356 2285 1481 2327 allati
1511 2285 1654 2328 studia
1684 2290 1842 2340 poetae
1876 2285 2116 2329 laetissime
2159 2285 2243 2326 illis
2273 2288 2382 2326 tem·

446 2341 626 2397 poribus
656 2341 855 2385 floruisse
894 2342 1171 2398 intelligimus
1188 2377 1197 2395 ,
1244 2344 1517 2386 coniecturae
1554 2342 1798 2398 permultae
1840 2342 2076 2395 habentur,
2118 2341 2384 2397 archetypon

447 2404 594 2442 tamen
624 2399 886 2443 simillimum
918 2400 1102 2457 Oblongi
1132 2401 1265 2443 fuisse
1296 2415 1393 2443 cum
1425 2401 1480 2443 ab
1512 2402 1597 2454 eis,
1631 2415 1740 2456 quos
1766 2402 2008 2454 nominavi,
2040 2400 2280 2444 luculenter
2311 2400 2383 2442 de-

446 2462 736 2501 monstratum
765 2463 846 2512 est,
876 2463 968 2501 tum
998 2460 1092 2514 ipse
1122 2460 1315 2514 cognovi,
1347 2473 1444 2501 cum
1473 2459 1613 2501 hieme
1644 2473 1683 2500 a.
1721 2462 1878 2510 1862]ss
1911 2459 2132 2502 sodalibus
2163 2460 2386 2501 seminarii

447 2517 553 2571 regii
596 2515 843 2572 philologici
882 2516 1074 2560 Lucretii
1113 2518 1304 2560 carmina
1342 2517 1598 2572 explicanda
1635 2518 1941 2572 propositurus
1972 2532 1999 2560 a
2030 2517 2176 2560 Caroli
2207 2516 2384 2568 Halmii,

445 2574 632 2617 hominis
662 2575 922 2628 amicissimi,
954 2575 1110 2630 insigni
1141 2575 1439 2618 benevolentia
1469 2575 1594 2617 facile
1625 2576 1927 2629 impetrassem
1942 2610 1951 2628 ,
1996 2581 2046 2618 ut
2076 2575 2237 2618 codicis
2269 2574 2385 2617 illius

450 2632 695 2688 gravissimi
725 2632 888 2676 diutius
928 2633 998 2676 hic
1036 2633 1142 2676 meis
1183 2633 1317 2677 oculis
1357 2633 1598 2689 usurpandi
1637 2633 1744 2675 mihi
1785 2634 1953 2688 copiam
1992 2634 2170 2676 faceret.
2243 2633 2388 2676 Unum

448 2690 575 2743 addo,
608 2690 723 2746 quod
752 2691 809 2734 ab
839 2690 936 2734 aliis
966 2691 1158 2734 nondum
1189 2692 1304 2747 quod
1339 2692 1474 2735 sciam
1504 2691 1851 2734 animadversum
1891 2692 2186 2735 coniecturam
2218 2692 2274 2735 de
2304 2692 2388 2734 vic-

448 2749 609 2793 toriani
640 2748 799 2793 codicis
845 2749 1010 2805 origine
1050 2750 1319 2806 propositam
1360 2750 1484 2793 valde
1526 2748 1764 2793 confirmet.
1824 2748 1932 2793 Post
1961 2749 1989 2792 l.
2025 2752 2050 2793 3
2082 2752 2198 2794 enim
2229 2765 2268 2793 v.
2302 2752 2388 2792 360

446 2821 595 2850 versus
624 2822 776 2850 novem
806 2808 957 2863 scripti
986 2812 1109 2860 sunt,
1155 2822 1265 2863 quos
1295 2808 1500 2851 delendos
1532 2821 1626 2851 esse
1655 2807 1783 2850 homo
1815 2808 1989 2862 quidam
2033 2809 2314 2852 doctissimus
2344 2809 2389 2849 in

444 2866 639 2922 margine
677 2867 863 2919 monuit,
905 2865 978 2921 qui
1017 2880 1166 2909 versus
1198 2869 1445 2909 403—411
1483 2880 1561 2921 per
1591 2880 1783 2909 errorem
1827 2867 1898 2908 hic
1933 2866 2082 2910 illatos
2124 2882 2221 2910 esse
2260 2866 2391 2910 vidis-

445 2927 524 2967 set.
591 2923 776 2968 Ratione
807 2929 950 2968 autem
981 2924 1194 2968 subducta
1222 2925 1337 2967 inter
1365 2940 1402 2967 v.
1437 2927 1520 2967 360
1553 2928 1597 2967 et
1627 2926 1713 2966 403
1744 2939 1894 2967 versus
1934 2924 2003 2968 bis
2048 2926 2222 2969 vicenos
2263 2939 2391 2968 senos

449 2982 731 3039 interpositos
751 2996 845 3027 esse
871 2983 1124 3037 invenimus,
1154 2986 1205 3026 ut
1223 2982 1350 3026 facile
1379 2982 1671 3039 intelligamus
1695 2982 1739 3025 in
1764 2981 1946 3038 singulis
1974 2983 2198 3040 archetypi
2218 2983 2391 3040 paginis

1945 3059 2001 3102 1*
