2767 3576
466 562 548 620 105

463 847 547 887 110

460 1133 542 1173 115

458 1416 542 1457 120

439 1701 537 1765 125

452 1987 535 2031 130

450 2273 530 2314 135

447 2559 530 2600 140

446 2847 527 2887 145

443 2903 526 2944 149

1372 265 1434 313 13

726 389 929 440 Tutemet
954 400 985 433 a
1012 385 1140 435 nobis
1166 387 1255 434 iam
1285 387 1434 445 quovis
1463 389 1658 442 tempere
1689 392 1835 433 vatum

665 446 917 512 terriloquis
944 445 1086 492 nctus
1114 444 1245 490 dictis
1274 445 1517 490 desciscere
1547 456 1743 499 quaeres.

666 504 825 570 quippe
855 501 1016 549 etenim
1043 514 1174 568 quam
1198 503 1339 547 multa
1367 501 1449 546 tibi
1477 502 1564 547 iam
1593 500 1755 556 fingere
1782 507 1966 558 possunt

666 560 845 616 somnia,
873 560 988 617 qnae
1015 559 1132 604 vitae
1159 559 1352 606 rationes
1379 562 1551 605 vertere
1579 560 1750 616 possint

665 618 953 677 fortunasque
977 620 1079 679 tuas
1107 616 1246 661 omnis
1275 616 1453 661 turbare
1482 617 1664 661 timore!

666 679 712 718 et
740 674 921 719 merito:
960 686 1060 719 nam
1076 673 1128 718 31
1158 678 1322 717 certam
1350 673 1476 718 finem
1506 686 1604 717 esse
1634 674 1830 719 viderent

660 728 964 784 aerumnarum
993 730 1210 783 homines,
1242 731 1302 774 ali
1329 744 1386 776 113
1415 731 1583 775 ratione
1612 731 1808 776 valerent

662 780 944 844 religionibus
972 788 1104 842 atque
1133 788 1261 832 minis
1289 800 1315 830 o
1347 788 1502 833 sistere
1531 791 1702 832 vatum:

663 858 776 888 nunc
805 845 918 888 ratio
948 844 1112 889 nullast
1140 844 1356 897 restandi,
1385 845 1505 888 nulla
1533 844 1746 897 facultas,

661 906 863 946 aeternas
893 902 1093 968 quoniam
1121 914 1283 956 poenas
1313 902 1357 944 in
1386 905 1524 945 morte
1554 902 1847 947 timendumst.

660 960 884 1016 ignoratur
910 960 1049 1013 enim,
1080 972 1190 1015 quae
1220 960 1280 1003 sit
1307 963 1464 1005 natura
1493 960 1670 1013 animai,

661 1021 767 1060 nata
796 1018 856 1060 sit
885 1031 940 1060 an
971 1020 1123 1059 contra
1150 1016 1426 1060 nascentibus
1458 1017 1698 1060 insinuetur

662 1078 708 1117 et
737 1074 865 1118 simul
894 1075 1083 1118 intereat
1110 1073 1332 1118 nobiscum
1360 1073 1499 1117 morte
1529 1079 1765 1129 perempta,

661 1144 717 1174 an
745 1130 949 1175 tenebras
980 1132 1070 1175 orci
1099 1132 1212 1175 visat
1240 1135 1471 1186 vastasque
1501 1131 1698 1185 lacunas,

660 1201 715 1231 an
744 1189 932 1242 pecudes
961 1190 1071 1232 alias
1101 1189 1306 1232 divinitus
1337 1190 1524 1232 insinuet
1562 1201 1632 1241 se,

660 1245 823 1287 Emiius
852 1250 902 1287 ut
931 1249 1081 1288 noster
1111 1247 1286 1296 cecinit,
1326 1247 1400 1298 qui
1433 1247 1597 1298 primus
1627 1257 1804 1287 amoeno

660 1301 818 1345 detulit
847 1315 900 1345 ex
929 1302 1135 1346 Helicone
1166 1303 1344 1356 perenni
1373 1302 1525 1345 fronde
1554 1301 1766 1353 coronam,

657 1371 737 1413 per
764 1359 905 1413 gentis
935 1359 1065 1403 italas
1094 1359 1311 1403 hominum
1342 1372 1450 1413 quae
1481 1359 1599 1403 clara
1629 1360 1812 1412 clueret,

658 1417 742 1458 etsi
771 1420 1000 1470 praeterea
1028 1421 1173 1460 tamen
1203 1428 1299 1460 esse
1330 1417 1555 1460 acherusia
1583 1416 1745 1470 templa

655 1474 820 1514 Ennius
851 1474 1039 1515 aeternis
1071 1475 1244 1528 exponit
1273 1473 1469 1515 versibus
1499 1474 1653 1526 edens,

658 1543 742 1583 qua
774 1543 913 1583 neque
942 1536 1223 1584 permaneant
1253 1533 1420 1573 animae
1448 1543 1586 1584 neque
1618 1543 1799 1597 corpora
1828 1535 2001 1589 nostra,

656 1586 734 1630 sed
764 1588 975 1640 quaedam
1004 1588 1234 1631 simulacra
1259 1588 1398 1630 modis
1422 1588 1630 1641 pallentia
1661 1589 1806 1631 miris:

654 1643 767 1687 unde
798 1643 880 1688 sibi
912 1649 1106 1689 exortam
1135 1657 1305 1699 semper
1333 1643 1526 1688 florentis
1557 1645 1734 1688 Homeri

656 1706 959 1746 commemorat
988 1703 1175 1757 speciem
1204 1703 1404 1751 lacrimas
1435 1701 1652 1746 effundere
1684 1703 1824 1747 salsas

655 1760 847 1813 coepisse
878 1765 924 1803 et
951 1773 1095 1804 rerum
1124 1764 1322 1804 naturam
1352 1760 1595 1814 expandere
1626 1760 1765 1804 dictis.

652 1821 914 1871 quapropter
943 1817 1052 1861 bene
1083 1830 1177 1860 cum
1207 1819 1375 1872 superis
1406 1818 1459 1860 de
1488 1817 1618 1860 rebus
1648 1817 1847 1863 habenda

651 1874 775 1917 nobis
805 1879 874 1917 est
902 1877 1027 1927 ratio,
1060 1877 1163 1918 solis
1192 1877 1403 1929 lunaeque
1432 1879 1601 1918 meatus

653 1944 737 1985 qua
766 1931 871 1974 fiant
899 1934 1066 1975 ratione
1097 1937 1142 1975 et
1170 1946 1263 1998 qua
1282 1934 1323 1974 vi
1353 1945 1547 1985 quaeque
1575 1937 1781 1985 gerantur

650 1989 694 2031 in
723 1989 867 2041 terris,
897 1992 988 2032 tum
1017 2002 1111 2033 cum
1140 1989 1289 2042 primis
1317 1990 1484 2032 ratione
1514 1989 1658 2042 sagaci

649 2045 763 2088 unde
794 2046 935 2089 anima
964 2050 1093 2100 atque
1124 2047 1253 2090 animi
1283 2049 1452 2089 constet
1480 2049 1636 2089 natura
1666 2046 1894 2092 videndum

650 2107 696 2144 et
725 2115 834 2155 quae
862 2116 933 2145 res
963 2104 1085 2145 nobis
1116 2103 1391 2156 vigilantibus
1420 2102 1545 2144 obvia
1573 2108 1740 2145 mentes

648 2157 856 2202 terrificet
886 2158 1034 2202 morbo
1065 2159 1247 2202 adfectis
1276 2172 1507 2213 somnoque
1538 2160 1733 2213 sepultis,

648 2230 821 2260 cernere
851 2217 914 2260 uti
943 2217 1163 2261 videamur
1193 2231 1266 2261 eos
1297 2218 1530 2270 audireque
1561 2230 1717 2269 coram,

647 2278 785 2315 morte
815 2273 933 2315 obita
962 2286 1139 2328 quorum
1168 2275 1299 2316 tellus
1328 2274 1604 2328 amplectitur
1633 2286 1745 2316 ossa.

704 2331 794 2373 Nec
823 2346 891 2372 me
922 2333 1050 2373 animi
1081 2332 1193 2372 fallit
1223 2333 1450 2373 Graiorum
1481 2331 1664 2372 obscura
1692 2338 1868 2383 reperta

649 2384 821 2431 difficile
851 2387 1069 2431 illustrare
1100 2386 1246 2431 latinis
1276 2385 1471 2431 versibus
1502 2400 1616 2438 esse,

645 2444 780 2489 multa
807 2444 926 2488 novis
954 2443 1097 2488 verbis
1126 2444 1382 2499 praesertim
1413 2455 1507 2487 cum
1538 2444 1596 2487 sit
1629 2444 1841 2498 agendum

646 2507 824 2556 propter
854 2506 1091 2557 egestatem
1121 2504 1290 2557 linguae
1321 2506 1366 2544 et
1395 2513 1538 2544 rerum
1568 2503 1827 2555 novitatem3

646 2560 723 2602 sed
751 2564 826 2602 tua
855 2572 923 2601 me
951 2560 1088 2602 virtus
1118 2564 1263 2602 tamen
1293 2564 1338 2601 et
1367 2563 1543 2612 sperata
1570 2560 1770 2612 voluptas

647 2617 789 2659 suavis
818 2617 1032 2659 amicitiae
1063 2618 1254 2670 quemvis
1285 2615 1464 2659 sufferre
1495 2615 1689 2658 laborem

646 2673 798 2717 suadet
826 2677 870 2717 et
898 2673 1061 2717 inducit
1089 2677 1239 2717 noctes
1268 2673 1447 2728 vigilare
1478 2685 1674 2724 serenas,

646 2735 932 2785 quaerentem,
964 2731 1090 2775 dictis
1121 2731 1275 2785 quibus
1305 2735 1350 2774 et
1379 2743 1461 2786 quo
1493 2731 1679 2774 carmine
1710 2730 1878 2774 demum

645 2790 761 2831 clara
789 2793 888 2831 tuae
919 2790 1080 2842 possim
1108 2788 1404 2843 praepandere
1433 2788 1594 2831 lumina
1622 2789 1780 2841 menti,

645 2859 715 2889 res
746 2846 897 2900 quibus
927 2847 1117 2888 occultas
1145 2847 1316 2899 penitus
1346 2847 1566 2887 convisere
1597 2846 1750 2897 possis.

643 2903 895 2957 principium
924 2903 1042 2946 cuius
1071 2902 1169 2946 hinc
1198 2902 1322 2945 nobis
1351 2902 1529 2945 exordia
1558 2906 1712 2954 sumet,

599 2965 602 2969 “
642 2960 800 3003 1111113111
833 2973 923 3002 rem
953 2972 977 3002 e
1007 2959 1094 3001 nilo
1125 2960 1239 3014 gigni
1272 2959 1476 3002 divinitus
1505 2972 1704 3013 unquam.
