2767 3576
1349 164 1353 172 ’
1370 155 1400 207 9

421 275 543 328 nulla
570 278 723 334 semu,
746 276 838 323 -ser
862 275 997 322 Vre.
1022 275 1293 338 memore
1319 273 1475 320 nativa
1499 272 1550 317 in
1577 271 1834 338 mortalibus
1873 272 2184 330 essetfigmiae,
2220 271 2352 338 quod,

344 339 348 344 '
386 384 388 386 .
422 336 671 398 quanquam
706 336 868 382 metim
898 335 954 386 Δι’
979 333 1233 392 nme-ln:
1259 332 1436 387 collau
1467 333 1554 376 288
1580 335 1752 375 nativo.
1775 344 1833 375 ao
1866 331 2352 393 monemus-empsit,

420 396 539 442 haud
564 396 783 455 imperite·
802 395 1023 440 inventum
1046 394 1141 437 est-³
1164 411 1168 430 s
1194 389 1418 436 Gandidns
1448 389 1542 435 sibi
1583 389 1814 433 videbatur
1849 390 2165 436 incusarunt-‘bus-
2189 388 2350 447 legere.

420 472 482 491 -·-
510 459 550 511 5,
585 457 721 500 1081:
740 458 784 499 et
816 447 1198 510 partini-,mittant
1223 449 1588 508 (volneres):eum
1617 449 1939 504 tempestatibus
1965 463 2056 492 una
2094 449 2352 494 roeteioonos

421 520 573 561 cantus
631 513 851 558 comicum
878 514 930 554 nt
955 509 1102 554 saecla
1128 512 1297 552 vetusta
1325 521 1647 567 corvorumque
1659 520 1809 563 yreyes
1836 507 1913 550 ubi
1946 520 2106 562 aquam
2139 508 2352 551 dicuntur

420 578 462 619 et
488 549 858 625 abiu-mma.
915 566 968 611 In
996 566 1067 611 his
1091 564 1239 610 ‘vertis
1267 566 1319 610 A.
1348 566 1595 623 Naugerius
1624 569 1674 610 ut
1701 564 1886 618 invenit,
1925 578 2023 608 cnm
2051 565 2105 625 in*
2126 563 2348 610 ooffiebus

420 630 578 690 (etiam
600 628 649 673 in
683 626 746 685 V)-
770 630 814 671 et
840 626 972 670 esset.
1029 622 1141 669 Eam
1167 622 1428 681 particulam
1456 637 1555 669 cum
1583 635 1646 667 rc.
1676 636 1735 667 m.
1764 622 1812 666 in
1840 621 1879 666 V
1906 622 2145 678 delevisset,
2175 623 2222 667 in
2250 623 2348 668 iun·

417 690 514 735 tina
538 687 699 732 omissa
728 688 808 729 est.
869 682 954 727 Sed
986 681 1105 739 quod
1132 682 1217 725 hac
1245 683 1496 726 coniectura
1524 682 1719 726 admissa
1747 682 2036 724 necessarium
2064 687 2155 735 est,
2187 687 2237 726 ut
2263 696 2346 738 pro

415 745 492 791 ubi
520 746 567 789 in
594 757 723 789 versu
751 741 951 799 proximo
978 742 1046 785 nti
1074 739 1313 793 set-ibatur,
1352 741 1400 784 id
1426 741 1476 784 P.
1507 738 1731 785 Candidus
1772 739 1859 782 non
1895 739 2200 783 animadvertit
2225 743 2346 783 recte

416 817 445 847 a
486 806 732 847 correctore
760 798 1000 843 victoriani
1039 797 1171 841 litera
1192 802 1228 840 ·t
1256 812 1390 853 supra
1418 799 1443 842 b
1472 798 1626 841 addita
1663 797 1877 841 monitum
1914 810 2019 840 esse.
2051 822 2108 830 —
2140 801 2180 851 5,
2216 800 2344 840 1323.

414 861 456 906 V-
481 876 548 919 pr.
579 876 637 905 m.
667 874 766 903 cum
798 855 995 913 Oblongo
1025 854 1310 907 etQuadrato
1338 857 1540 901 cornibus
1567 862 1611 901 et
1638 861 1803 901 terram
1832 856 2053 899 minitanti
2078 861 2215 900 mente
2242 870 2343 899 me-

415 920 531 974 bant,
561 919 602 963 V
628 932 689 963 rc.
720 930 777 961 m.
809 915 1033 969 cornibus,
1063 914 1123 959 ad
1151 918 1393 970 terramque
1420 916 1607 960 minanti
1634 918 1775 959 niente
1803 914 2004 968 mebant,
2044 914 2121 958 sed
2149 913 2198 958 P.
2230 913 2343 958 Can-

415 978 556 1031 didus,
587 990 685 1021 cum
712 988 801 1018 non
829 972 1209 1016 animadvertisset
1234 972 1383 1016 literas
1413 975 1454 1017 it
1480 974 1611 1027 vocis,
1643 986 1757 1030 quae
1787 976 1857 1016 est
1884 974 2123 1027 minitanti,
2153 985 2340 1029 expunc-

413 1041 486 1081 tas
515 1050 631 1087 esse,
661 1032 839 1089 scripsit
868 1031 1085 1085 cornibus,
1125 1031 1187 1075 ad
1214 1035 1454 1087 terramque
1491 1033 1717 1077 minitanti
1746 1037 1886 1075 mente
1917 1032 2120 1085 mebant,
2162 1032 2233 1074 cui
2260 1033 2340 1075 mi-

413 1096 540 1140 nanti
578 1094 630 1138 A.
659 1090 903 1149 Naugerius
941 1090 1107 1146 primus
1141 1089 1188 1133 in
1227 1089 1374 1134 aldina
1414 1090 1601 1135 secunda
1643 1090 1924 1135 substituisse
1967 1089 2249 1133 existimatur.
2281 1115 2338 1124 «-

416 1156 456 1208 5,
475 1155 574 1197 515.
605 1152 701 1197 Aut
732 1151 866 1194 alium
895 1149 1041 1193 subter
1071 1153 1222 1192 contra
1251 1150 1348 1204 quis
1375 1150 1584 1194 subvehat
1612 1150 1756 1194 orbem
1785 1149 1969 1193 iuntina.
2018 1147 2125 1191 Cum
2152 1148 2250 1192 inV
2266 1163 2336 1204 pr.

414 1226 472 1255 m.
503 1214 620 1254 esset
648 1214 728 1253 aut
756 1209 895 1252 alium
922 1208 1069 1250 subter
1109 1211 1260 1250 contra
1275 1209 1385 1262 quis
1412 1208 1564 1251 subeat
1593 1208 1755 1261 orbem,
1798 1222 1860 1251 rc.
1891 1223 1949 1251 m.
1979 1207 2217 1249 rectissime
2259 1208 2337 1261 qui

411 1269 639 1322 subvehat,
685 1266 764 1311 sed
800 1266 973 1309 literam
1001 1278 1025 1308 s
1053 1263 1242 1308 deletam
1269 1279 1364 1308 esse
1392 1265 1614 1310 Candidus
1642 1280 1731 1309 non
1761 1265 2082 1310 animadvertit.
2114 1290 2168 1296 -—
2197 1265 2334 1308 Porro

409 1339 559 1371 versus
589 1329 629 1381 2,
660 1326 849 1377 40—46,
879 1326 924 1366 et
953 1322 1193 1379 gravissimi
1221 1322 1288 1366 ilh'
1314 1327 1359 1366 et
1388 1323 1642 1378 difficillimi,
1670 1324 1717 1367 in
1745 1323 1919 1368 iuntina
1946 1324 2010 1368 sic
2039 1323 2187 1378 scripti
2216 1326 2334 1366 sunt:

759 1382 811 1427 Si
837 1395 923 1426 non
949 1384 1063 1435 forte
1092 1386 1191 1424 tuas
1219 1382 1402 1436 leyiones
1425 1396 1510 1436 per
1538 1383 1634 1426 loca
1662 1385 1809 1437 campi

758 1440 947 1483 Fervere
977 1452 1073 1482 cnm
1099 1439 1250 1482 videas
1277 1439 1375 1483 belli
1399 1440 1638 1483 simulacra
1666 1441 1838 1485 cientes.

759 1497 847 1541 His
876 1496 955 1540 tibi
984 1510 1080 1540 cum
1107 1497 1234 1540 rebus
1263 1498 1489 1551 tumefacto
1518 1497 1766 1552 relliqiones

756 1555 989 1611 Effuyinnt
1018 1555 1161 1599 animo
1183 1555 1651 1610 pavidaamortisque
1681 1557 1868 1610 timores,

758 1615 868 1657 Tum
896 1626 1079 1656 vacuum
1109 1617 1273 1667 tempus
1302 1614 1512 1668 linquunt,
1542 1627 1732 1668 curaque
1761 1615 1961 1658 solutum.

409 1671 746 1718 Accuratissime
785 1670 975 1714 reddidit
1012 1671 1178 1724 omnia,
1222 1685 1332 1727 quae
1371 1675 1659 1716 correctorem
1696 1672 1939 1716 Victoriani
1975 1672 2110 1716 scribi
2146 1674 2330 1717 voluisse

407 1731 709 1787 intelligimus:
748 1730 891 1774 omisit
921 1728 1035 1772 enim
1063 1742 1212 1772 versus
1242 1728 1347 1783 duo,
1386 1743 1494 1785 quos
1523 1730 1638 1777 inter
1664 1730 1722 1775 41
1753 1731 1944 1775 Fervere
1974 1734 2019 1775 et
2050 1734 2107 1774 44
2138 1733 2224 1777 His
2252 1733 2330 1777 tibi

410 1795 455 1834 et
482 1791 528 1834 in
558 1789 753 1845 Oblongo
785 1793 828 1830 et
856 1788 902 1830 in
920 1787 1169 1830 Victoriano
1198 1788 1479 1843 interpositos
1510 1793 1732 1833 corrector
1762 1794 2045 1845 expunxerat,
2078 1789 2132 1834 de
2163 1804 2250 1847 qua
2278 1804 2325 1838 re

408 1862 543 1904 supra
581 1847 692 1900 dixi,
738 1846 859 1889 dedit
895 1847 1145 1899 tumefacto,
1190 1860 1286 1888 cum
1317 1846 1355 1888 V
1382 1860 1449 1902 pr.
1480 1862 1525 1889 m
1555 1849 1768 1902 timefacte
1803 1848 2053 1902 habuisset,
2097 1854 2141 1892 et
2171 1851 2326 1902 animo,

407 1921 505 1950 cum
532 1921 598 1962 pr.
630 1921 687 1949 m.
717 1905 853 1948 animi
881 1904 1138 1959 scripsisset.
1199 1902 1283 1947 Sed
1311 1919 1445 1948 unum
1473 1920 1562 1948 non
1591 1907 1923 1960 animadvertit,
1954 1908 1999 1949 in
2029 1922 2068 1949 v.
2092 1912 2149 1950 44
2181 1922 2258 1963 pro
2289 1923 2326 1951 v.

407 1980 502 2010 cum
531 1977 657 2008 erasa
686 1963 838 2007 leviter
867 1961 997 2006 litera
1028 1976 1049 2006 c
1080 1967 1168 2006 tum
1198 1962 1482 2007 substitutum
1511 1978 1628 2024 esse³
1672 1968 1806 2020 atque
1834 1965 1900 2009 ita
1930 1964 2095 2020 effecit,
2137 1971 2186 2009 ut
2216 1980 2326 2022 quae

406 2023 598 2067 dedisset
638 2021 822 2076 intelligi
863 2035 951 2064 non
990 2024 1183 2076 possent.
1212 2044 1272 2052 -
1351 2024 1396 2075 1,
1438 2024 1550 2065 1068
1590 2025 1636 2065 et
1675 2024 1973 2078 proximorum
2015 2023 2063 2066 P.
2105 2023 2324 2067 Candidus

403 2083 571 2138 pariter
600 2085 732 2135 atque
768 2083 870 2120 ante
905 2093 1002 2121 eum
1031 2079 1246 2135 Avancius
1281 2083 1326 2121 et
1353 2079 1456 2123 Pius
1491 2080 1685 2124 fecerant
1721 2082 2025 2137 supplementa
2061 2096 2114 2126 ea
2149 2083 2324 2138 recepit,

405 2153 516 2195 quae
554 2140 601 2182 in
634 2137 779 2181 codice
814 2136 1064 2191 Victoriano
1101 2150 1129 2179 a
1168 2141 1411 2180 correctore
1453 2138 1617 2194 scripta
1657 2143 1846 2182 exstant.
1919 2139 2006 2183 Sed
2045 2157 2082 2183 v.
2113 2144 2220 2183 1073
2263 2141 2326 2183 sic

403 2197 524 2242 dedit
556 2197 692 2252 Quam
722 2195 875 2250 quavis
908 2195 1000 2238 alia
1032 2195 1152 2251 lonye
1181 2196 1348 2239 ratione
1376 2210 1572 2250 manere,
1614 2210 1712 2240 cum
1742 2198 1957 2242 Avancius
1988 2202 2033 2242 et
2062 2199 2162 2242 Pius
2192 2213 2323 2253 qnam

404 2257 557 2312 quavis
598 2256 691 2298 alia
731 2255 852 2308 lonye
894 2255 1066 2309 reqione
1109 2268 1280 2297 manere
1294 2288 1304 2307 ,
1355 2254 1402 2297 id
1431 2255 1560 2310 quod
1598 2262 1717 2299 recte
1754 2256 2056 2300 Lachmannus
2099 2258 2323 2312 aliquanto

403 2315 557 2358 melius
593 2326 687 2357 esse
723 2311 942 2355 iudicavit.
1012 2311 1227 2354 Nimirum
1258 2312 1451 2356 evanidis
1479 2327 1617 2368 prope
1648 2314 1789 2358 literis
1819 2319 2040 2358 corrector
2068 2329 2146 2370 pro
2179 2330 2217 2357 v.
2250 2330 2323 2359 ra-

404 2375 537 2423 tione,
581 2370 696 2427 quod
733 2370 779 2412 in
808 2369 953 2411 codice
990 2374 1126 2422 esset,
1170 2371 1343 2425 reqione
1373 2370 1649 2413 scribendum
1678 2385 1774 2414 esse
1808 2374 1998 2425 monuit,
2042 2373 2086 2415 id
2122 2372 2240 2428 quod
2274 2372 2323 2415 Ρ.

403 2429 587 2474 Candidi
618 2427 837 2473 oculorum
867 2427 1003 2470 aciem
1033 2426 1194 2483 effugit.
1219 2452 1275 2459 —
1336 2431 1381 2481 5,
1415 2430 1499 2471 301
1525 2444 1589 2484 sq.
1623 2430 1671 2472 P.
1705 2429 1926 2474 Candidus
1958 2430 2100 2474 dedit:

688 2485 828 2540 Usque
858 2486 962 2529 adeo
986 2490 1278 2540 properanter
1308 2486 1361 2529 ab
1392 2487 1588 2531 omnibus
1615 2489 1788 2542 iynibus
1819 2490 1912 2532 eius

678 2544 881 2589 Exitium
910 2543 1038 2589 celeri
1067 2543 1280 2590 celeratur
1308 2543 1474 2601 oriyine
1502 2545 1732 2602 flammae„

400 2607 521 2651 nullo
551 2618 691 2649 sensu.
761 2603 1026 2646 Sententiam
1055 2605 1341 2647 restituerunt
1370 2605 1586 2648 Avancius
1615 2605 1691 2648 alii
1723 2607 1932 2650 toleratur
1961 2604 2212 2658 scribendo,
2244 2604 2324 2649 sed

399 2665 649 2710 facillimam
678 2661 1032 2715 emendationem,
1062 2663 1194 2718 quam
1221 2660 1463 2718 Madvigius
1493 2666 1538 2707 et
1570 2663 1873 2708 Lachmannus
1902 2663 2015 2708 n'unc
2044 2663 2177 2720 primi
2207 2663 2322 2708 inve-

398 2726 518 2767 nisse
548 2723 871 2773 existimantur,
903 2718 1123 2762 Gandidus
1151 2734 1238 2763 non
1266 2720 1436 2763 viderat
1463 2733 1490 2764 a
1520 2726 1765 2765 correctore
1795 2722 2033 2765 Victoriani
2063 2722 2320 2775 ministrari,

400 2783 476 2837 qui
503 2781 642 2823 literis
672 2795 718 2822 er
748 2778 916 2834 punctis
947 2777 1098 2820 subter
1126 2778 1289 2821 notatis
1320 2779 1485 2821 celatur
1520 2780 1749 2835 legendum
1778 2794 1871 2823 esse
1901 2780 2122 2823 indicavit.
2201 2780 2322 2831 Quae

398 2842 628 2895 praeterea
662 2837 736 2881 ille
772 2839 1040 2889 correxerat,
1079 2840 1392 2890 properanter,
1435 2851 1516 2891 pro
1555 2852 1606 2881 eo
1644 2838 1761 2893 quod
1792 2852 1820 2880 a
1854 2853 1920 2893 pr.
1952 2853 2009 2880 m.
2040 2837 2185 2881 fuerat
2217 2853 2322 2892 pro·

391 2901 626 2954 perarent,
668 2899 713 2940 et
741 2896 853 2949 eius,
892 2908 990 2938 cum
1031 2892 1189 2938 fuisset
1226 2893 1394 2951 pariter
1433 2898 1567 2951 atque
1610 2896 1657 2939 in
1688 2895 1883 2953 Oblongo
1928 2901 1974 2940 et
2013 2895 2240 2949 Quadrato
2282 2898 2324 2941 ei

1909 2975 1935 3016 2
