2767 3576
1305 188 1362 237 11

403 301 594 351 eiusdem
636 303 794 350 codicis
834 303 1043 350 beneficio
1078 303 1302 351 discimus.
1362 299 1510 356 Quare
1550 299 1664 345 hanc
1698 314 1869 346 omnem
1909 305 2079 360 partem
2114 315 2333 347 commen·

401 362 508 409 tarii
537 362 676 409 critici
703 362 933 409 lucretiani
964 366 1168 409 accurate
1195 359 1430 409 retractari
1458 363 1647 420 oportet.

517 421 606 467 Sed
633 423 767 468 etiam
796 421 851 467 de
879 420 1089 467 Italorum
1117 421 1275 468 studiis
1304 419 1558 466 lucretianis
1587 419 1799 463 universis
1829 423 1873 462 et
1901 418 2224 476 progressibus,
2252 419 2330 475 qui

400 481 556 526 sensim
587 480 833 537 sensimque
862 480 909 523 in
937 479 1219 525 emendandis
1246 479 1315 524 his
1345 478 1609 524 carminibus
1639 477 1743 520 facti
1774 483 1886 530 sunt,
1917 477 2141 533 aliquanto
2165 477 2331 521 rectius

403 554 518 585 nunc
551 538 738 585 iudicari
766 541 927 606 potest.
983 537 1135 594 Neque
1162 538 1277 582 enim
1302 542 1473 582 tantum
1506 535 1789 592 intelligimus
1817 535 2079 579 Lachmanni
2116 536 2332 604 insignem

315 616 322 625 ’
399 596 778 659 perspicacitatem
818 594 977 652 fuisse,
1022 594 1139 654 quod
1179 595 1410 641 Marullum
1441 593 1664 652 ,exemplis
1709 593 1803 639 eius
1849 593 2009 639 codicis
2050 593 2325 647 laurentiam,

400 670 529 715 quem
556 654 612 700 H.
642 654 808 700 Keilius
834 654 892 700 ab
918 655 1122 709 Antonio,
1151 653 1280 701 Marii
1308 654 1411 710 filio,
1441 656 1533 700 cive
1563 658 1610 699 et
1637 653 1811 699 notario
1841 652 2106 705 Florentino,
2135 654 2250 698 circa
2281 668 2323 698 a.

403 718 515 759 1440
544 715 756 771 scriptum
785 727 882 758 esse
909 713 1153 768 existimat,
1186 713 1421 761 ,simillimis
1450 728 1579 759 usum
1608 727 1705 758 esse
1745 712 1856 756 dixit
1887 714 1947 770 (p.
1980 714 2038 769 6).
2099 711 2182 757 Sed
2213 726 2327 769 quae

397 773 602 830 primitus
630 772 678 817 in
707 771 855 818 codice
884 771 1134 816 Victoriana
1165 774 1328 829 scripta
1357 778 1476 827 sunt,
1506 785 1709 830 magnam
1741 772 1875 815 etiam
1914 772 2146 815 ostendunt
2175 771 2322 815 multi·

398 830 596 876 tudinem
624 835 670 876 et
699 830 1006 881 diversitatem*
1025 831 1220 875 codicum
1248 832 1381 876 fuisse
1421 847 1475 877 ex
1512 829 1737 876 Francisci
1763 829 1916 887 Poggii
1953 829 2029 873 illo
2066 830 2111 874 in
2153 829 2324 873 Italiam

398 890 535 935 allato
564 889 870 934 derivatorum.
916 889 1004 934 Alii
1031 889 1089 934 ab
1110 889 1209 934 aliis
1239 891 1421 935 correcti
1450 894 1590 944 erant,
1620 890 1696 946 qui
1725 888 1866 932 multa
1894 889 2003 932 miro
2033 888 2192 944 ingenii
2221 903 2323 932 acu-

398 949 514 1016 mine
544 951 677 1015 atque
710 946 953 992 eruditione
981 948 1050 1015 usi
1080 947 1303 1004 praeclare
1332 948 1574 1005 integritati
1603 948 1901 1001 restituerent,
1931 946 2068 1013 multa
2092 947 2322 1013 eidemin·

393 1005 2322 1121 zffixtffluz‘sszssssiffiz'ssffiffimffifflffgi‘essigttetzffffiff

397 1125 449 1168 ut
476 1120 552 1166 alii
580 1120 736 1167 deinde
763 1120 870 1169 haec
898 1122 1078 1178 vestigia
1107 1136 1303 1179 premere
1332 1125 1425 1168 ausi
1453 1128 1663 1179 tanquam
1683 1122 1870 1167 flammis
1900 1121 2155 1177 quibusdam
2173 1136 2319 1165 erran-

394 1180 514 1225 tibus
541 1180 588 1224 in
618 1180 743 1225 devia
773 1180 1104 1225 abducerentur.
1165 1182 1226 1226 Ac
1255 1182 1449 1226 novimus
1485 1195 1599 1226 nunc
1638 1180 1813 1237 quidem
1842 1179 2077 1225 Antonium
2107 1179 2318 1224 Florenti-

394 1253 512 1291 num,
545 1238 755 1280 editorem
784 1238 968 1295 exempli
997 1239 1225 1282 brixiensis
1255 1240 1469 1296 ignotum,
1510 1243 1734 1283 auctorem
1761 1238 2025 1282 recensionis
2055 1238 2167 1289 eius,
2208 1251 2318 1294 quae

395 1297 443 1339 in
468 1296 720 1338 Victoriano
750 1296 845 1348 fuit,
875 1298 980 1339 item
1008 1298 1214 1351 ignotum,
1244 1298 1464 1339 Iovianum
1478 1298 1737 1349 Pontanum,
1767 1297 2045 1338 Hermolaum
2062 1296 2316 1347 Barbarum,

396 1351 585 1399 Codrum
613 1351 929 1399 Bononiensem
968 1351 1123 1413 (cf.1.
1153 1353 1202 1399 B.
1242 1354 1344 1400 Pius
1383 1359 1610 1401 comment.
1650 1354 1725 1399 fol.
1756 1353 1800 1398 Π
1828 1353 1995 1410 verso),
2038 1352 2317 1408 Pomponium

394 1412 579 1466 Laetum
609 1412 683 1468 (cf.
714 1412 747 1456 I.
780 1411 908 1469 Casp.
932 1411 1081 1457 Orellii
1108 1412 1210 1458 hist.
1242 1413 1486 1471 eclogarum
1515 1427 1539 1458 e
1558 1412 1722 1458 Salusti
1751 1411 1854 1457 hist.
1886 1426 1929 1470 p.
1949 1412 2038 1470 35),
2067 1410 2316 1456 Michaelem

394 1470 640 1515 Marullum.
691 1470 884 1516 Aliorum
913 1472 1138 1516 conamina
1167 1477 1211 1517 et
1240 1474 1410 1517 nomina
1438 1488 1526 1518 non
1556 1472 1735 1517 dubium
1766 1476 1834 1517 est
1880 1473 1986 1529 quin
2014 1472 2060 1516 in
2089 1471 2315 1516 bibliothe-

396 1532 457 1574 cis
486 1530 653 1573 lateant
680 1530 902 1574 Italorum.
961 1532 1024 1574 Ac
1052 1532 1235 1575 maxime
1261 1533 1491 1576 dolendum
1520 1536 1588 1576 est
1620 1532 1812 1575 codicem
1841 1531 2163 1575 laurentianum
2193 1531 2316 1575 Nico-

393 1588 455 1632 lai
477 1588 642 1633 Niccoli
667 1604 798 1633 manu
814 1590 1021 1646 scriptum
1045 1589 1118 1649 (cf.
1131 1589 1304 1635 Lachm.
1334 1606 1376 1647 p.
1395 1592 1440 1649 6)
1464 1590 1655 1635 nondum
1678 1605 1705 1634 a
1735 1605 1953 1647 quoquam
1974 1589 2179 1634 collatum
2210 1604 2315 1633 esse.

510 1646 693 1691 Michael
734 1648 869 1704 igitur
912 1648 1201 1692 Tarchaniota
1241 1648 1451 1694 Marullus
1464 1684 1474 1704 ‚
1514 1649 1682 1692 Manilii
1723 1648 1898 1692 Marulli
1936 1652 1981 1692 et
2013 1647 2316 1704 Euphrosynes

396 1704 714 1749 Tarchaniotae
743 1706 870 1760 filine,
902 1704 955 1751 ex
983 1706 1116 1749 nobili
1144 1707 1308 1750 familia
1336 1707 1809 1763 constantinopolitana
1830 1707 2052 1761 oriundus,
2084 1721 2180 1750 cum
2210 1721 2316 1762 puer

395 1764 540 1819 patria
575 1764 683 1807 urbe
713 1778 752 1807 a.
789 1767 897 1807 1453
926 1778 952 1807 a
981 1764 1131 1808 Turcis
1171 1770 1417 1821 expugnata
1454 1766 1663 1821 profugus
1704 1780 1802 1808 cum
1841 1765 2016 1808 familiis
2058 1769 2243 1820 paterna
2272 1769 2314 1806 et

393 1825 592 1865 materna
618 1821 664 1864 in
693 1821 864 1865 Italiam
892 1822 1099 1876 venisset,
1144 1824 1364 1878 equestria
1393 1823 1547 1868 deinde
1577 1823 1795 1879 stipendia
1822 1824 2003 1876 meruit,
2047 1823 2123 1866 sed
2153 1823 2313 1866 Ioviani

393 1880 579 1923 Pontani
608 1879 837 1937 disciplina
864 1894 969 1925 usus
994 1880 1141 1925 studio
1158 1881 1273 1926 idem
1301 1881 1606 1927 ardentissimo
1624 1882 1669 1925 in
1700 1886 1853 1938 poetas
1874 1882 2049 1935 latinos,
2080 1880 2312 1937 Vergilium

388 1939 571 1982 maxime
601 1942 645 1980 et
674 1938 921 1991 Lucretium
934 1973 944 1993 ‚
975 1939 1170 1982 incubuit
1198 1941 1543 1998 carminibusque
1583 1941 1731 1985 latinis
1773 1942 1862 1985 suis
1898 1941 1963 1984 ita
2004 1940 2225 1992 excelluit,
2265 1945 2314 1983 ut

392 2011 595 2051 magnum
624 1997 718 2051 ipse
748 1998 862 2040 inter
889 2002 1041 2053 poetas
1070 2012 1223 2041 nomen
1251 1999 1444 2042 haberet.
1504 1999 1689 2042 Multum
1717 1999 1873 2041 deinde
1891 1999 2140 2041 Florentiae
2173 2012 2312 2040 versa-

393 2059 465 2098 tus
496 2059 575 2107 est,
606 2068 701 2097 cum
730 2055 775 2098 in
796 2055 1019 2099 Laurentii
1037 2054 1217 2099 Medicei
1247 2057 1439 2101 favorem
1469 2071 1515 2100 se
1545 2057 1812 2100 insinuasset
1844 2061 1888 2100 et
1907 2056 2155 2100 Alexandra
2175 2055 2310 2106 Scala,

391 2112 483 2157 filia
512 2112 826 2167 Bartolomaei,
866 2113 1166 2169 pulcritudine
1200 2115 1365 2170 pariter
1405 2119 1538 2171 atque
1578 2116 1816 2168 carminum
1854 2115 1984 2159 laude
2027 2115 2224 2171 insignis,
2273 2115 2314 2157 ei

392 2171 623 2227 nupsisset.
682 2170 831 2217 Mense
860 2172 999 2229 Aprili
1033 2186 1080 2216 ⁴a.
1117 2175 1228 2217 1500
1268 2174 1314 2218 in
1344 2173 1503 2219 Cecina
1543 2173 1673 2219 fluvio
1715 2188 1851 2231 prope
1893 2173 2144 2218 Volaterras
2185 2187 2311 2230 equo,

393 2244 478 2287 quo
508 2229 748 2284 veheretur,
780 2230 970 2288 collapso
999 2232 1142 2287 periit.

508 2287 648 2331 Multa
674 2289 822 2344 itaque
835 2324 846 2343 ,
876 2305 988 2346 quae
1017 2290 1319 2333 Lachmannus
1349 2289 1534 2334 Marullo
1563 2305 1651 2334 non
1680 2295 1856 2346 poterat
1887 2305 1973 2334 non
2002 2291 2210 2343 tribuere,
2244 2304 2314 2333 co·

394 2346 487 2391 dice
516 2346 766 2391 Victoriano
797 2348 968 2405 cognito
998 2348 1090 2392 eius
1120 2362 1208 2391 non
1230 2361 1324 2392 esse
1354 2351 1398 2391 et
1428 2349 1468 2392 ei
1498 2349 1753 2403 docuerunt,
1786 2364 1895 2407 quos
1922 2349 1977 2393 de
2007 2364 2056 2393 eo
2089 2348 2315 2404 scripsisse

394 2407 506 2459 dixi,
541 2410 585 2448 et
624 2419 702 2461 ego
743 2405 909 2462 aliquot
952 2406 1157 2463 exemplis
1188 2406 1476 2462 comprobavi.
1537 2407 1622 2451 Sed
1664 2408 1779 2464 quod
1820 2408 2069 2451 Theodorus
2099 2406 2314 2462 Bergkius

396 2463 573 2520 (annall.
613 2463 757 2519 philol.
799 2468 853 2508 83
902 2480 945 2521 p.
987 2467 1069 2507 317
1101 2465 1215 2520 sqq.)
1256 2465 1387 2507 etiam
1423 2464 1597 2509 laudem
1642 2468 2007 2522 transpositorum
2045 2466 2145 2508 libri
2185 2467 2317 2522 primi

392 2536 592 2566 versuum
630 2524 872 2566 551-635-
902 2523 942 2567 ei
965 2523 1150 2579 eripere
1190 2522 1357 2566 studuit
1386 2536 1566 2580 eamque
1605 2524 1662 2568 ad
1691 2524 1912 2568 Valerium
1940 2524 2152 2577 Probum,
2186 2538 2317 2580 quem

391 2585 518 2626 notas
549 2580 721 2625 criticas
764 2582 897 2626 etiam
925 2581 1125 2627 Lucretio
1162 2582 1415 2638 apposuisse
1454 2597 1592 2639 nuper
1621 2582 1827 2628 Suetonio
1867 2587 2043 2627 auctore
2084 2582 2316 2627 didicimus

395 2639 492 2699 (Th.
522 2639 758 2685 Mommsen
787 2640 896 2685 diar.
926 2641 1093 2699 antiqu.
1135 2639 1257 2685 Stud.
1294 2643 1403 2685 1845
1433 2656 1477 2698 p.
1509 2645 1579 2686 85.
1611 2642 1769 2699 Bergk.
1794 2642 1899 2688 ibid.
1930 2658 1971 2698 p.
2010 2645 2105 2685 117.
2136 2642 2317 2687 Reiffer-

393 2699 572 2743 scheidii
601 2699 751 2756 reliqu.
778 2699 973 2744 Suetonii
1001 2714 1044 2757 p.
1081 2699 1207 2758 138),
1237 2701 1455 2756 pertinere
1484 2705 1697 2757 autumat,
1728 2702 1878 2746 videor
1906 2700 2010 2745 mihi
2028 2702 2158 2746 certis
2189 2715 2316 2757 argu·

392 2759 549 2802 mentis
579 2758 767 2801 refutare
795 2772 936 2814 posse.
995 2759 1106 2802 Nam
1150 2772 1246 2801 cum
1285 2762 1535 2814 reputarem
1577 2765 1727 2814 notas,
1769 2761 1924 2816 quibus
1963 2760 2010 2802 in
2046 2760 2194 2804 codice
2226 2759 2316 2803 Ma-

392 2816 494 2860 rulli
523 2831 672 2861 versus
708 2817 1049 2874 transponendos
1090 2829 1185 2861 esse
1216 2816 1503 2873 significatum
1544 2823 1612 2863 est
1627 2853 1637 2873 ,
1677 2820 1716 2862 si
1746 2820 1842 2875 quis
1878 2832 1906 2862 a
1935 2818 2079 2862 Probo
2112 2832 2207 2863 esse
2240 2823 2325 2864 aut.

394 2878 512 2918 certe
539 2875 779 2931 antiquitus
809 2876 994 2920 traditas
1025 2876 1272 2919 existimare
1301 2875 1498 2930 voluerit,
1530 2891 1617 2922 non
1645 2891 1774 2933 posse
1804 2878 1849 2921 in
1878 2876 2116 2934 archetypo
2146 2881 2319 2921 tantum

392 2932 551 2977 codicis
581 2933 720 2988 huius,
751 2933 794 2978 h.
825 2950 861 2979 e.
891 2935 937 2978 in
966 2934 1110 2978 codice
1127 2933 1348 2977 Francisci
1359 2934 1524 2991 Poggii,
1554 2937 1808 2993 superstites
1838 2937 1983 2989 tuisse,
2016 2936 2095 2979 sed
2124 2937 2257 2979 etiam
2272 2938 2319 2979 in

1872 3008 1933 3051 2*
