2767 3576
544 387 603 428 70

544 675 599 714 75

543 902 597 941 ’79

543 987 599 1027 50

541 1273 596 1311 55

540 1617 592 1655 61

539 1702 597 1741 80

538 1989 593 2029 85

538 2276 595 2313 90

538 2561 591 2599 95

509 2846 593 2886 100

1427 205 1489 256 12

720 341 938 372 murmure
968 330 1227 383 compressit
1258 330 1449 381 caelum,
1482 330 1561 373 sed
1590 343 1642 374 eo
1672 332 1811 387 magis
1841 347 1985 378 acrem

720 386 868 430 irritat
896 385 1103 430 virtutem
1133 386 1279 439 animi,
1311 385 1581 442 confringere
1610 391 1661 433 ut
1690 391 1790 433 arta

718 447 901 486 naturae
930 443 1096 497 primus
1125 447 1350 497 portarum
1380 444 1573 488 claustra
1603 446 1784 500 cupiret.

719 513 823 555 ergo
853 499 997 544 vivida
1026 500 1092 544 vis
1122 500 1254 544 animi
1283 501 1467 554 pervicit
1493 505 1541 544 et
1569 505 1696 547 extra

719 557 935 613 processit
963 557 1091 613 longe
1121 556 1386 603 flammantia
1414 558 1586 604 moenia
1614 560 1763 603 mundi

719 620 850 670 atque
881 627 1005 657 omne
1035 614 1290 658 immensum
1319 616 1570 670 peragravit
1597 620 1743 660 mente
1766 618 2024 684 animoque,

717 672 831 714 unde
864 671 1003 715 refert
1032 671 1157 715 nobis
1186 673 1336 723 victor,
1367 673 1471 726 quid
1501 674 1642 726 possit
1672 675 1800 726 oriri,

718 728 821 782 quid
851 733 1055 782 nequeat,
1086 728 1207 772 finita
1236 733 1436 783 potestas
1465 729 1652 795 denique
1676 731 1836 785 cuique

718 798 904 839 quanam
935 786 995 828 sit
1024 786 1191 829 ratione
1219 789 1351 840 atque
1382 786 1471 829 alte
1501 786 1712 830 terminus
1741 787 1938 831 haerens.

717 855 852 896 quare
883 842 1037 896 religio
1068 841 1251 896 pedibus
1282 841 1479 886 subiecta
1511 843 1700 887 vicissim

718 900 948 953 opteritur‚
978 912 1057 943 nos
1086 903 1299 954 exaequat
1327 900 1510 944 victoria
1540 900 1674 944 caelo.

778 984 903 1036 Quod
933 996 1065 1039 super
1094 988 1175 1037 est,
1207 984 1394 1037 Memmi,
1425 997 1584 1029 vacuas
1614 986 1732 1029 auris
1762 986 2034 1041 animumque

719 1046 929 1085 semotam
944 1055 987 1084 xa
1018 1043 1132 1084 curis
1164 1041 1321 1085 adhibe
1352 1054 1499 1085 veram
1531 1042 1587 1086 ad
1617 1043 1857 1086 rationem:

717 1112 771 1141 ne
801 1112 898 1142 mea
929 1100 1042 1142 dona
1072 1099 1152 1141 tibi
1184 1100 1328 1142 studio
1360 1100 1557 1152 disposta
1586 1098 1717 1152 fideli,

717 1156 942 1199 intellecta
971 1157 1092 1210 prius
1123 1169 1251 1209 quam
1283 1157 1392 1207 sint,
1425 1160 1674 1210 contempta
1702 1159 1935 1211 relinquas.

716 1225 816 1257 nam
846 1212 928 1256 tibi
958 1213 1012 1257 de
1043 1225 1210 1257 summa
1240 1213 1348 1257 caeli
1378 1213 1547 1257 ratione
1578 1213 1788 1268 deumque

718 1271 935 1313 disserere
966 1271 1168 1325 incipiam
1199 1274 1244 1313 et
1273 1283 1419 1314 rerum
1450 1271 1686 1325 primordia
1715 1271 1916 1325 pandam,

714 1329 827 1370 unde
859 1329 996 1369 omnis
1026 1332 1183 1370 natura
1214 1332 1333 1370 creet
1361 1340 1455 1379 res,
1487 1332 1635 1370 auctet
1664 1329 1838 1383 alatque

717 1398 854 1437 quove
885 1385 1037 1427 eadem
1068 1398 1238 1427 rursum
1269 1389 1425 1427 natura
1455 1389 1680 1437 perempta
1709 1386 1912 1436 resolvat,

717 1453 826 1495 quae
857 1453 936 1485 nos
966 1441 1193 1485 materiam
1224 1444 1270 1484 et
1300 1440 1507 1494 genitalia
1538 1454 1719 1494 corpora
1748 1440 1879 1485 rebus

713 1498 940 1543 reddunda
969 1498 1014 1542 in
1044 1499 1213 1542 ratione
1243 1510 1398 1543 vocare
1429 1501 1475 1542 et
1504 1498 1668 1542 semina
1697 1511 1841 1543 rerum

716 1557 939 1610 appellare
970 1568 1145 1599 suemus
1176 1559 1220 1599 et
1250 1556 1361 1599 haec
1387 1555 1539 1599 eadem
1568 1568 1779 1611 usurpare

715 1627 898 1667 corpora
928 1615 1081 1667 prima,
1113 1614 1227 1667 quod
1257 1627 1310 1656 ex
1340 1614 1428 1656 illis
1458 1617 1560 1656 sunt
1588 1615 1731 1657 omnia
1760 1614 1924 1668 primis.

772 1698 886 1742 Illud
917 1700 961 1740 in
989 1699 1058 1742 his
1083 1699 1214 1743 rebus
1245 1712 1410 1752 vereor,
1442 1713 1496 1743 ne
1527 1699 1640 1743 forte
1671 1699 1809 1743 rearis

714 1756 846 1810 impia
876 1762 920 1800 te
948 1756 1130 1800 rationis
1158 1758 1267 1800 inire
1299 1758 1514 1801 elementa
1543 1758 1740 1812 viamque

716 1814 944 1867 indugredi
975 1816 1165 1858 sceleris.
1213 1816 1328 1869 quod
1358 1820 1509 1859 contra
1539 1815 1712 1869 saepius
1742 1816 1819 1858 illa

716 1872 869 1926 religio
900 1873 1073 1926 peperit
1103 1874 1321 1916 scelerosa
1350 1878 1480 1927 atque
1510 1874 1643 1926 impia
1673 1872 1803 1916 facta.

715 1929 869 1972 Aulide
901 1943 985 1983 quo
1016 1934 1144 1983 pacto
1174 1931 1334 1972 Triviai
1365 1931 1542 1984 virginis
1571 1943 1691 1972 aram

714 1986 986 2040 Iphianassai
1013 1990 1246 2041 turparunt
1276 1988 1482 2041 sanguine
1513 1986 1639 2030 foede

714 2044 916 2086 ductores
946 2044 1144 2087 Danaum
1175 2045 1346 2097 delecti,
1377 2045 1517 2099 prima
1547 2045 1749 2087 virorum.

714 2102 781 2144 cui
812 2102 939 2143 simul
970 2102 1112 2144 infula·
1136 2103 1351 2155 virgineos
1382 2104 1541 2144 circum
1572 2102 1676 2143 data
1707 2106 1902 2154 comptus

715 2170 767 2200 ex
796 2162 979 2211 utraque
1010 2159 1106 2212 pari
1135 2159 1344 2201 malarum
1374 2164 1498 2213 parte
1530 2157 1752 2212 profusast

714 2220 759 2259 et
786 2220 999 2260 maestum
1030 2217 1156 2260 simul
1188 2220 1289 2260 ante
1320 2230 1420 2260 aras
1449 2217 1626 2260 adstare
1656 2220 1880 2268 parentem

714 2274 852 2314 sensit
881 2277 925 2314 et
954 2274 1067 2315 hunc
1097 2277 1276 2327 propter
1306 2273 1469 2315 ferrum
1498 2273 1641 2315 celare
1671 2272 1892 2316 ministros

715 2334 979 2382 aspectuque
1010 2346 1088 2373 suo
1120 2331 1321 2372 lacrimas
1352 2331 1570 2372 effundere
1603 2332 1720 2379 civis,

712 2390 833 2431 muta
862 2389 980 2431 metu
1008 2390 1172 2432 terram
1203 2385 1383 2441 genibus
1414 2387 1643 2432 summissa
1670 2383 1862 2440 petebat,

713 2456 792 2486 nec
822 2445 1006 2487 miserae
1037 2445 1245 2499 prodesse
1276 2445 1319 2487 in
1350 2445 1429 2489 tali
1459 2448 1653 2499 tempore
1691 2441 1853 2498 quibat,

714 2502 828 2554 quod
860 2503 1001 2555 patrio
1033 2504 1233 2556 princeps
1263 2503 1448 2545 donarat
1477 2503 1647 2545 nomine
1673 2512 1844 2556 regem:

711 2572 810 2600 nam
842 2558 1015 2601 sublata
1045 2560 1182 2602 virum
1212 2560 1409 2602 manibus
1442 2559 1799 2612 tremibundaque
1830 2558 1886 2601 ad
1917 2569 2017 2600 aras

715 2616 960 2667 deductast,
992 2629 1076 2658 non
1105 2621 1154 2659 ut
1185 2617 1381 2659 sollemni
1412 2630 1531 2659 more
1562 2629 1782 2659 sacrorum

710 2673 904 2727 perfecto
935 2676 1085 2727 posset
1115 2674 1232 2718 claro
1264 2674 1460 2717 comitari
1489 2673 1746 2728 hymenaeo,

713 2731 791 2773 sed
823 2735 944 2774 casta
975 2732 1162 2784 inceste,
1193 2730 1382 2775 nubendi
1412 2735 1606 2786 tempore
1637 2731 1681 2774 in
1712 2731 1819 2785 ipso,

707 2788 850 2830 hostia
882 2789 1130 2831 concideret
1157 2792 1350 2831 mactatu
1378 2793 1546 2832 maesta
1576 2788 1783 2843 parentis,

712 2846 853 2888 exitus
882 2850 932 2888 ut
962 2847 1093 2888 classi
1123 2846 1226 2888 felix
1255 2846 1509 2899 faustusque
1541 2847 1732 2888 daretur.

712 2906 878 2945 tantum
909 2903 1062 2956 religio
1092 2903 1235 2956 potuit
1265 2903 1447 2947 suadere
1478 2903 1700 2946 malorum.
