2767 3576
1343 289 1348 293 ἡ
1409 234 1436 280 7

462 360 590 411 dicit,
620 364 667 402 et
695 373 734 401 a.
768 363 875 411 574,
917 360 988 413 Sp.
1020 359 1284 402 Postumium
1314 360 1364 401 A.
1396 358 1444 400 F
1474 358 1526 400 A.
1558 357 1612 400 N.
1644 356 1844 400 Albinum
1875 358 1921 400 C.
1954 358 2231 412 Calpurnium
2261 357 2308 401 C.
2344 357 2389 398 F.

467 417 513 462 C.
546 392 598 461 N.
630 417 851 468 Pisonem,
895 430 1074 470 quorum
1110 416 1379 459 consulatum
1418 415 1573 459 Lucilii
1613 427 1769 458 annum
1814 415 2002 457 natalem
2044 415 2177 458 fixisse
2209 415 2390 467 Hauptii

465 473 691 529 praeclara
731 476 801 517 est
845 472 1091 517 coniectura
1135 468 1208 528 (cf.
1241 472 1289 516 L.
1320 471 1480 516 Muller
1507 470 1665 516 Lucilii
1694 484 1735 525 p.
1770 473 1867 514 289.
1912 471 1962 514 A.
1995 470 2201 515 Schaefer
2229 470 2388 515 annall.

466 530 613 597 philol.
633 533 773 583 107p
778 533 835 572 7
840 529 909 584 2)
950 529 1079 572 facile
1110 528 1310 572 confundi
1339 529 1532 583 potuisse
1563 528 1661 583 quis
1691 532 1782 580 est,
1825 528 1927 582 quin
1956 528 2200 583 intelligat?
2251 527 2389 572 Multo

465 588 605 630 minus
645 586 773 629 facile
819 587 865 629 G.
890 562 1035 629 Coelii
1075 586 1125 628 L.
1155 542 1367 628 Domitiip
1376 590 1421 628 et
1458 585 1509 638 Q.
1542 585 1720 629 Caecilii
1761 584 1929 628 Metelli
1971 585 2153 640 Nepotis
2191 586 2239 628 T.
2271 583 2391 627 Didii

466 644 639 687 nomina
667 642 870 686 confundi
899 646 1113 696 po.terant
1186 642 1327 685 Unum
1355 655 1458 685 vero
1487 643 1782 693 coniecturae,
1828 654 1956 695 quam
2001 643 2086 693 eis,
2127 643 2198 696 qui
2227 642 2389 684 Lucre-

470 700 579 746 tium
598 699 795 753 diligunt,
826 711 906 753 ego
926 697 1111 752 probare
1135 698 1293 751 studui,
1325 698 1484 751 obstat,
1515 699 1629 753 quod
1649 698 1937 752 Hieronymus
1957 711 2067 741 anno
2097 699 2255 742 aetatis
2286 711 2389 754 qua-

469 755 710 811 dragesimo
741 759 895 811 quarto
925 759 1139 800 mortuum
1169 767 1265 799 esse
1296 755 1484 808 addidit,
1529 768 1629 800 nam
1671 756 1746 810 qui
1775 768 1814 799 a.
1848 758 1932 798 660
1963 760 2090 799 natus
2119 760 2199 807 est,
2232 769 2270 798 a.
2304 758 2387 798 699

468 817 683 865 mortuus,
726 824 837 856 anno
867 813 1027 857 aetatis
1056 812 1382 867 quadragesimo
1412 812 1571 857 obiisse
1603 812 1809 857 dicendus
1839 815 1947 856 erat.
2022 813 2072 856 In
2100 813 2180 856 hoc
2211 824 2389 856 numero

460 871 599 924 ‚igitur
628 874 704 913 aut
732 870 1038 923 Hieronymum
1067 882 1236 913 errasse
1268 874 1344 913 aut
1372 870 1572 913 librarios
1602 882 1776 914 manum
1805 870 1900 913 eius
1929 882 2013 912 non
2042 874 2160 913 recte
2191 881 2390 913 servasse

467 927 571 969 mihi
601 926 851 969 sumendum
881 936 961 969 est.
1023 927 1110 970 Sed
1140 939 1234 969 cum
1265 931 1310 969 et
1340 927 1393 969 H.
1424 927 1593 970 Usener
1622 931 1668 970 et
1697 927 1769 969 Fr.
1801 927 1945 979 Polle,
1987 931 2037 969 ut
2078 939 2178 969 suas
2223 926 2392 980 opinio-

468 995 545 1026 nes
583 986 833 1034 tuerentur,
878 996 962 1026 non
991 984 1130 1026 minus
1161 983 1408 1026 testimonia
1437 986 1630 1026 veterum
1661 984 1922 1036 scriptorum
1962 987 2038 1026 aut
2068 984 2281 1036 corrigere
2313 987 2391 1025 aut

467 1052 544 1094 pro
575 1039 698 1083 falsis
727 1038 887 1084 habere
917 1040 1055 1084 coacti
1084 1039 1257 1092 fuerint,
1290 1040 1546 1084 coniecturis
1585 1040 1849 1094 reliquorum
1879 1052 2020 1083 meam
2057 1040 2191 1083 multo
2223 1038 2389 1083 facilio-

465 1110 557 1140 rem
587 1109 683 1139 esse
715 1097 1060 1140 existimaverim.

583 1154 720 1206 Addo,
752 1153 866 1208 quod
895 1166 989 1197 cum
1020 1166 1072 1197 ea
1092 1154 1356 1209 quaestione,
1388 1166 1513 1208 quam
1533 1153 1829 1206 tractavimus,
1860 1153 2003 1208 aliquo
2024 1153 2149 1197 modo
2171 1153 2389 1197 cohaeret.

468 1211 577 1252 Nam
607 1211 749 1253 Julius
779 1212 806 1252 J
808 1224 932 1253 essen
961 1212 1006 1252 in
1036 1210 1205 1263 libello,
1237 1224 1319 1265 quo
1349 1215 1653 1265 praeceptores
1682 1211 1894 1265 gymnasii
1923 1211 2175 1254 kiloniensis
2206 1210 2391 1265 philolo·

469 1280 546 1322 gos
578 1267 832 1311 Germaniae
862 1268 906 1310 in
936 1281 988 1310 ea
1018 1267 1122 1311 urbe
1153 1272 1434 1321 congregatos
1464 1282 1502 1310 a.
1530 1271 1639 1309 1869
1671 1268 2013 1318 consalutarunt,
2044 1281 2085 1320 p.
2103 1271 2155 1309 52
2178 1280 2269 1321 sqq.
2302 1269 2387 1309 Lu-

470 1324 649 1368 cretium
692 1323 746 1368 ab
778 1324 1033 1379 Hieronymo
1074 1337 1169 1368 cum
1212 1324 1261 1367 L.
1292 1324 1470 1368 Lucullo
1507 1324 1685 1367 Pontico
1728 1323 1951 1367 confusum
1993 1337 2090 1367 esse
2130 1325 2386 1377 suspicatur,

467 1394 565 1425 nam
596 1394 623 1424 a
652 1382 882 1425 Plutarcho
911 1382 1013 1425 Luc.
1045 1394 1080 1425 c.
1112 1386 1167 1425 43
1200 1382 1385 1425 Cornelii
1415 1381 1597 1435 Nepotis
1636 1381 1940 1424 auctoritatem
1978 1385 2127 1425 secuto
2172 1386 2217 1424 et
2247 1381 2385 1424 Plinio

467 1438 519 1480 N.
552 1438 604 1480 H.
639 1441 692 1480 25
725 1439 761 1492 ξ.
795 1442 848 1479 25
892 1439 1021 1493 (adde
1051 1439 1270 1482 Aurelium
1299 1438 1518 1481 Victorem
1547 1438 1601 1480 de
1631 1439 1736 1481 viris
1765 1439 1827 1480 ill.
1861 1439 1934 1492 74)
1979 1439 2187 1481 amatorio
2219 1439 2266 1480 L.
2299 1439 2385 1481 Lu-

469 1495 569 1538 culli
598 1499 784 1538 mentem
813 1495 1043 1538 alienatam
1073 1507 1169 1538 esse
1199 1496 1368 1539 narrari
1405 1508 1544 1549 neque
1582 1495 1815 1538 verisimile
1846 1500 1943 1537 esse
1973 1495 2124 1538 eodem
2154 1495 2245 1537 fere
2275 1499 2383 1538 tem-

466 1564 569 1606 pore
601 1551 684 1595 duo
723 1552 914 1596 homines
943 1552 1136 1596 illustres
1174 1552 1288 1595 idem
1328 1564 1557 1606 perpessos
1597 1564 1715 1604 esse,
1757 1552 1834 1595 sed
1876 1564 1970 1595 cum
2011 1556 2192 1606 uterque
2233 1552 2384 1595 eodem

466 1608 556 1652 fere
586 1612 779 1662 tempore
808 1613 1001 1652 mortuus
1031 1613 1160 1661 esset,
1191 1609 1495 1663 Hieronymum
1525 1608 1651 1652 facile
1682 1609 1788 1652 haec
1818 1609 1901 1652 duo
1932 1609 2103 1652 nomina
2132 1609 2262 1652 etiam
2283 1609 2383 1652 aliis

467 1667 573 1707 locis
617 1667 713 1718 plus
759 1667 891 1707 semel
933 1670 1192 1708 commutata
1231 1666 1490 1708 confundere
1528 1667 1734 1719 potuisse.
1812 1666 1896 1708 Sed
1939 1678 2034 1709 cum
2075 1666 2123 1708 L.
2156 1666 2381 1708 Lucullum

468 1726 566 1764 ante
597 1733 752 1764 annum
784 1725 837 1763 56
870 1735 907 1764 a.
940 1722 1037 1764 Chr.
1069 1742 1124 1757 =
1157 1726 1239 1763 698
1271 1735 1310 1764 ιι.
1343 1735 1378 1763 c.
1410 1726 1623 1764 mortuum
1654 1722 1788 1764 fuisse
1828 1722 1904 1763 illa
1934 1723 2154 1764 Ciceronis
2196 1722 2250 1764 de
2281 1735 2380 1775 pro-

464 1779 571 1820 vinc.
605 1778 812 1820 consular.
845 1778 880 1831 ξ.
916 1781 994 1820 22;
1037 1778 1203 1820 utinam
1243 1779 1369 1819 etiam
1408 1777 1462 1819 L.
1492 1777 1701 1820 Lucullus
1737 1778 1829 1819 illic
1868 1778 2100 1819 assideret!
2140 1779 2380 1820 certissime

467 1834 762 1889 comprobent,
794 1846 876 1878 uno
907 1834 1139 1889 eodemque
1170 1847 1278 1879 anno
1308 1837 1490 1878 mortem
1519 1835 1742 1889 utriusque
1772 1835 1955 1879 relatam
1984 1835 2174 1879 invenire
2204 1836 2273 1878 vix
2304 1849 2380 1889 po-

466 1897 609 1935 tuerat
638 1905 774 1946 neque
794 1893 1016 1935 Lucullum
1046 1894 1160 1935 inter
1188 1893 1417 1936 historicos
1447 1905 1473 1936 a
1503 1893 1705 1936 Suetonio
1737 1897 2112 1937 commemoratum
2142 1892 2275 1937 fuisse
2307 1906 2379 1936 ve-

465 1951 502 1992 ri
524 1951 661 1992 simile
683 1954 762 1992 est.
823 1950 888 1991 Ea
917 1963 1042 2001 vero,
1075 1963 1182 2003 quae
1212 1951 1496 2003 Hieronymus
1527 1951 1579 1992 de
1612 1950 1869 1993 carminibus
1899 1960 1977 2004 per
2006 1951 2232 1993 intervalla
2264 1952 2379 1993 insa-

466 2007 560 2050 niae
592 2007 838 2060 compositis
869 2006 983 2058 dicit,
1016 2008 1117 2060 quin
1144 2008 1229 2050 iam
1260 2007 1485 2049 Suetonius
1517 2008 1570 2049 de
1601 2009 1767 2050 insania
1797 2012 1964 2061 poetae,
1996 2021 2080 2049 non
2111 2009 2164 2050 de
2195 2010 2378 2061 impera-

466 2065 573 2107 toris
605 2064 783 2116 dixerit,
815 2062 1012 2106 dubitare
1042 2076 1119 2107 nos
1149 2077 1232 2106 non
1263 2064 1418 2106 sinunt.

584 2121 667 2163 Sed
700 2121 753 2163 ad
785 2121 900 2163 aliud
930 2133 1063 2174 genus
1094 2122 1388 2174 quaestionum
1417 2125 1700 2163 transeamus.
1763 2121 1994 2171 Quaeritur
2015 2122 2140 2172 enim,
2174 2134 2271 2163 num
2293 2123 2379 2164 Lu-

468 2179 625 2220 cretius
656 2178 904 2230 particulas,
936 2190 1049 2231 quas
1071 2190 1153 2220 uno
1183 2179 1350 2220 nomine
1380 2177 1627 2230 procliticas
1658 2178 1877 2230 appellare
1907 2177 2066 2229 licebit,
2098 2179 2178 2220 hoc
2204 2183 2283 2228 est,
2316 2179 2380 2221 ita

468 2239 747 2288 comparatas,
779 2238 828 2275 ut
857 2246 935 2287 per
965 2247 1011 2276 se
1042 2235 1126 2275 vim
1155 2246 1239 2276 non
1268 2233 1466 2284 habeant,
1499 2234 1576 2275 sed
1606 2234 1689 2276 nisi
1721 2246 1815 2276 cum
1846 2235 1923 2283 eis,
1954 2246 2062 2287 quae
2093 2235 2282 2287 proxime
2309 2247 2378 2277 se·

467 2295 666 2345 quuntur,
698 2290 947 2333 coniunctae
977 2291 1158 2343 intelligi
1188 2303 1272 2332 non
1301 2290 1479 2343 possint,
1512 2290 1555 2331 in
1583 2289 1667 2332 fine
1697 2291 1934 2333 hexametri
1966 2291 2198 2334 collocasse
2229 2291 2378 2334 existi-

466 2348 645 2391 mandus
677 2348 746 2389 sit.
808 2348 869 2389 Ac
899 2351 1052 2400 poetae
1082 2347 1205 2389 latini
1235 2348 1278 2388 in
1308 2359 1360 2388 ea
1388 2359 1436 2388 re
1467 2347 1639 2389 diversa
1679 2348 1816 2389 secuti
1859 2352 1971 2390 sunt.
2044 2350 2236 2401 Apparet
2276 2361 2378 2390 vero

465 2405 544 2447 hoc
576 2405 716 2458 aliquo
746 2403 870 2445 modo
902 2404 1130 2445 cohaerere
1162 2416 1255 2445 cum
1276 2404 1414 2445 altera
1435 2404 1696 2456 quaestione,
1728 2408 1873 2446 utrum
1892 2406 2164 2446 hexametros
2186 2406 2378 2458 singulos

467 2462 554 2504 suis
586 2473 792 2515 quemque
822 2459 975 2502 finibus
1005 2460 1295 2502 terminandos
1325 2472 1420 2502 esse
1442 2472 1495 2502 an
1516 2472 1787 2503 numerorum
1808 2460 2036 2514 aliquando
2058 2462 2379 2504 continuatione

467 2519 654 2561 admissa
684 2529 833 2559 versus
862 2517 1156 2570 hypermetros
1187 2518 1274 2558 sive
1304 2520 1605 2559 concatenatos
1621 2550 1631 2568 ‚
1678 2530 1760 2571 quo
1797 2517 2003 2560 vocabulo
2034 2517 2246 2561 Maximus
2277 2519 2378 2562 Vic-

468 2576 633 2617 torinus
665 2575 869 2628 (Gramm.
901 2574 975 2616 lat.
998 2574 1051 2615 H.
1074 2574 1203 2615 Keilii
1235 2577 1259 2615 6
1290 2587 1330 2626 p.
1355 2574 1457 2627 222)
1487 2586 1591 2615 usus
1622 2579 1702 2625 est,
1733 2573 1835 2627 fingi
1865 2587 1992 2628 posse
2023 2575 2375 2619 existimaverint.

467 2633 528 2673 Ac
559 2632 739 2674 similem
770 2643 864 2672 esse
895 2630 1236 2672 hexametrorum
1267 2631 1570 2682 dactylicorum
1613 2635 1658 2672 et
1699 2632 1965 2677 senariorum
1995 2631 2271 2674 iambicorum
2309 2646 2379 2675 ra-

465 2689 625 2732 tionem
655 2688 746 2731 iure
778 2687 859 2730 dici
890 2690 1067 2741 potest>
1119 2686 1414 2741 Hypermetris
1456 2686 1587 2740 igitur
1615 2686 1875 2731 hexametris
1906 2688 2087 2731 Ennium
2132 2702 2257 2731 usum
2294 2703 2380 2732 non

464 2757 559 2787 esse
607 2745 812 2797 reliquiae
861 2744 1085 2785 Annalium
1126 2756 1234 2796 quae
1283 2747 1454 2784 exstant
1492 2744 1583 2784 veri
1629 2745 1767 2786 simile
1809 2745 2018 2796 reddunt,
2068 2745 2287 2799 Vergilius
2340 2747 2379 2789 si

462 2805 579 2844 recte
609 2801 726 2844 locos
755 2813 900 2843 omnes
929 2799 1081 2852 collegi
1109 2800 1238 2841 vicies
1269 2799 1331 2841 eis
1361 2812 1464 2840 usus
1495 2804 1587 2849 est,
1629 2801 1708 2842 sed
1736 2806 1785 2842 ut
1817 2802 1941 2853 longe
1972 2801 2144 2853 plurimi
2175 2802 2381 2845 adamata

463 2857 539 2900 illa
567 2857 707 2911 poetis
738 2855 835 2899 inde
867 2855 920 2899 ab
950 2855 1087 2898 Ennio
1117 2855 1423 2909 particularum
1453 2869 1532 2908 que
1573 2855 1863 2909 duplicatione
1903 2858 2135 2911 (vocemque
2178 2858 2383 2901 colorem-

462 2927 542 2967 que
571 2915 639 2955 AE.
673 2918 711 2965 9,
745 2914 847 2967 647)
879 2913 1128 2955 efficiantur.
1189 2913 1414 2954 Lucretius
1444 2924 1574 2954 unum
1606 2913 1781 2956 admisit
1812 2918 1849 2964 5,
1882 2917 1994 2956 846:
