2767 3576
1351 153 1407 217 *4

411 286 568 316 versus
609 271 784 316 vicenos
828 285 959 316 senos
1000 271 1190 328 scriptos
1234 271 1369 315 fuisse
1413 270 1593 327 eiusque
1632 270 1750 315 inter
1793 271 2072 317 scribendum
2109 289 2208 320 cum
2244 288 2380 319 unum

413 331 546 375 vellet
576 330 837 385 scriptorem
878 329 1109 373 victoriani
1156 329 1243 373 duo
1287 329 1393 372 folia
1432 329 1630 372 vertisse.
1699 328 1752 372 In
1789 327 2027 386 archetypo
2055 345 2160 375 vero
2190 331 2380 389 Oblongi

417 387 466 432 C.
509 387 814 489 Ltachmannus
859 386 1053 431 ostendit
1087 401 1130 443 p.
1175 390 1215 430 3.
1255 390 1326 430 49.
1368 389 1469 430 233.
1510 386 1608 430 aliis
1628 386 1755 431 *locis
1784 385 1969 430 eandem
1997 401 2202 432 versuum
2244 391 2380 434 ratio-

413 460 517 490 nem
560 458 691 489 msse.
781 480 786 484 .

535 503 698 547 Verum
729 503 844 547 enim
886 515 989 546 vero
1020 501 1142 545 aliud
1171 498 1256 545 fuit
1269 536 1279 555 ,
1325 499 1443 557 quod
1483 500 1591 545 mihi
1632 516 1731 546 cum
1760 501 1951 547 codicem
1982 501 2254 560 aliquamdiu
2280 517 2376 547 ver·

421 563 633 605 savissem
677 560 911 604 admodum
955 559 1236 603 memorabile
1280 559 1421 602 visum
1465 563 1546 603 est.
1634 560 1788 616 Neque
1831 561 1946 604 enim
1985 561 2032 604 in
2075 575 2128 605 eo
2174 560 2376 617 primitus

422 623 595 663 tantum
639 618 872 662 scribendo
916 617 1125 660 librarius
1196 616 1385 659 ermulta
1426 616 1603 659 admisit
1616 648 1627 664 2
1690 632 1802 672 quae
1842 618 1910 661 vel
1951 618 1998 660 in
2038 618 2187 662 codice
2226 617 2376 660 arche-

425 681 540 738 typo⁴
579 675 783 720 similiter
830 678 966 731 atque
1018 673 1065 731 in
1111 631 1310 730 Oinongo
1364 676 1506 729 atque
1547 671 1776 725 Quadrato
1835 675 1952 720 inter
2000 689 2153 720 versus
2201 679 2281 719 aut
2329 675 2378 718 in

419 735 691 790 marginibus
722 737 921 777 correcta
961 735 1109 775 essent
1148 731 1217 774 vel
1244 731 1348 774 Itali
1387 731 1583 775 homines
1629 736 1786 788 postea
1824 732 2011 778 feliciter
2047 732 2281 778 infeliciter
2318 731 2377 776 ad

421 792 557 836 verba
585 796 718 847 poeta
745 790 994 848 integritati
1023 790 1297 833 restituenda
1321 790 1621 843 contulissent,
1659 791 1736 834 sed
1767 792 1901 835 etiam
1922 796 2155 849 postquam
2185 789 2378 835 codicem

423 850 598 906 scripsit
611 886 620 903 ,
664 849 806 893 multa
834 850 930 905 ipse
961 848 1173 901 correxit,
1215 862 1328 903 quae
1358 862 1515 903 pamm
1553 852 1672 892 recte
1701 848 2010 906 descripsisset
2038 851 2108 894 vel
2132 849 2245 894 alius
2275 861 2379 903 apo⁴

424 908 578 967 graphi
608 922 692 965 ope
723 908 794 952 vel
825 921 907 952 sua
938 906 1175 951 aliorumve
1205 906 1457 951 coniectura
1485 906 1624 951 fretus
1658 906 1744 951 sibi
1784 908 2017 953 emendare
2052 924 2180 966 posse
2209 905 2377 951 videre·

424 974 510 1011 tur.
573 966 661 1010 Sed
691 966 831 1010 multo
861 966 991 1022 plura
1020 965 1108 1008 alia
1137 978 1293 1008 manus
1324 965 1543 1009 recentior
1573 966 1778 1008 correxit.
1839 967 1908 1010 Ea
1931 968 2092 1022 omnia,
2120 980 2225 1011 vera
2253 963 2378 1017 falsa,

424 1026 572 1082 gravia
596 1025 721 1077 levia,
754 1026 843 1067 sive
862 1024 919 1067 ad
948 1037 1098 1066 versus
1122 1023 1379 1078 complures,
1409 1023 1761 1079 transponendos
1791 1023 1890 1068 illos
1913 1024 2120 1070 delendos
2143 1021 2379 1076 addendos,

425 1086 513 1127 sive
551 1083 609 1126 ad
649 1083 842 1138 singulas
877 1082 1029 1124 literas
1059 1081 1308 1136 pertinent,
1352 1096 1450 1124 cum
1480 1082 1633 1137 paucis
1663 1083 1856 1138 exceptis
1885 1084 1932 1125 in
1973 1084 2163 1128 editione
2192 1080 2381 1136 Philippi

425 1142 617 1186 Giuntae
654 1140 906 1184 Florentiae
946 1153 1060 1183 anno
1096 1142 1207 1182 1512
1236 1140 1451 1194 impressa
1495 1144 1668 1183 exstare
1703 1141 2133 1194 animadvertissem,
2179 1143 2382 1184 accurate

424 1200 531 1243 mihi
561 1198 692 1242 huius
725 1199 863 1241 mirae
893 1211 1074 1254 prorsus
1106 1198 1432 1241 convenientiae
1462 1198 1577 1241 ratio
1609 1202 1654 1241 et
1684 1199 1806 1255 origo
1828 1199 2135 1256 investiganda
2165 1212 2260 1243 esse
2289 1197 2382 1239 visa

427 1262 507 1302 est.
571 1258 634 1301 Ac
663 1256 822 1301 Petrus
864 1255 1111 1306 Candidus,
1153 1257 1227 1311 qui
1267 1257 1483 1300 iuntinam
1528 1257 1720 1310 curavit,
1768 1257 1961 1301 Thomas
2002 1258 2235 1302 Sotherino
2274 1254 2383 1297 haec

426 1317 599 1361 scribit:
640 1320 813 1371 ‘operae
853 1315 1044 1370 pretium
1074 1314 1294 1358 facturum
1323 1329 1391 1357 me
1423 1314 1679 1367 existimavi,
1713 1315 1750 1358 si
1780 1317 1978 1370 vetustis,
2012 1331 2125 1372 quae
2154 1317 2200 1359 in
2229 1317 2383 1357 nostra

426 1375 536 1418 urbe
547 1399 608 1406 —
618 1374 738 1416 nacti
754 1387 917 1425 sumus,
930 1372 1100 1415 collatis
1115 1373 1435 1428 exemplaribus
1447 1374 2011 1431 praestantissimorumque
2026 1374 2187 1419 aetatis
2203 1374 2382 1417 nostrae

425 1438 578 1476 vatum
607 1432 795 1475 Pontani
824 1430 1086 1486 Marullique
1118 1431 1257 1473 obelis
1298 1436 1462 1473 temere
1498 1432 1676 1474 inducta
1717 1434 2002 1488 expungendo
2042 1432 2252 1476 adhibitis
2291 1434 2385 1472 tam

426 1491 584 1547 putida
622 1491 669 1533 in
708 1489 899 1545 eleganti
940 1493 1072 1543 poeta
1109 1490 1335 1531 manantia
1373 1489 1521 1532 ulcera
1557 1516 1606 1522 —
1638 1492 1814 1544 penitus
1854 1491 2151 1546 radicitusque
2190 1488 2385 1531 exantla-

427 1549 548 1593 rem’.
620 1547 788 1591 Deinde
832 1546 975 1590 addit:
1032 1545 1257 1590 ‘Marullus
1305 1561 1433 1600 sane,
1483 1547 1647 1591 amicus
1691 1547 1796 1591 olim
1837 1554 1988 1593 noster
2030 1545 2382 1596 iucundissimus,

429 1608 553 1650 cuius
596 1608 642 1649 in
682 1606 765 1649 hoc
804 1618 936 1661 opere
980 1618 1207 1647 censuram
1248 1606 1525 1661 potissimum
1572 1607 1710 1650 secuti
1742 1620 1890 1651 sumus
1907 1643 1917 1660 ,
1965 1606 2233 1651 lucretianae
2272 1601 2382 1645 adeo

428 1666 602 1707 veneris
633 1679 712 1720 per
742 1678 915 1707 omnem
944 1667 1136 1705 aetatem
1168 1664 1391 1706 studiosus
1422 1664 1529 1718 fuit,
1575 1668 1625 1708 ut
1656 1665 1859 1721 nuspiam
1899 1666 1990 1710 fere
2020 1680 2109 1710 non
2141 1677 2193 1709 co
2223 1661 2382 1707 comite

428 1725 578 1776 itaret,
608 1737 832 1777 nunquam
862 1722 1056 1765 cubitum
1087 1723 1171 1764 nisi
1202 1721 1406 1777 perlectis
1437 1723 1606 1778 aliquot
1636 1723 1963 1780 exploratisque
1986 1724 2088 1767 Cari
2117 1720 2382 1767 carminibus

431 1796 529 1827 sese
560 1782 789 1837 reciperet.
850 1779 965 1833 Quin
996 1780 1127 1824 etiam
1159 1795 1212 1824 ex
1242 1781 1492 1824 miseranda
1512 1781 1597 1824 villa
1636 1782 1683 1825 in
1713 1782 1868 1826 mediis
1908 1783 2094 1827 Cecinae
2124 1781 2254 1825 undis
2285 1777 2383 1820 lati-

430 1855 589 1885 narum
643 1854 866 1883 musarum
915 1840 1088 1882 iactura
1133 1839 1340 1895 cladeque
1388 1840 1548 1896 insigni
1597 1855 1709 1885 unus
1759 1846 1827 1886 est
1871 1841 2099 1885 Lucretius
2152 1834 2381 1893 receptus'.

430 1899 602 1943 Deinde
634 1899 714 1941 sub
746 1899 874 1941 finem
904 1897 1008 1940 libri
1037 1898 1083 1940 in
1112 1897 1234 1940 brevi
1265 1912 1428 1950 eorum,
1462 1913 1575 1954 quae
1606 1900 1651 1943 in
1683 1900 1873 1944 editione
1902 1903 2126 1953 novasset,
2157 1897 2300 1942 indice
2330 1892 2385 1936 ad

437 1961 562 2012 1,551
598 1957 792 2012 scripsit:
822 1957 932 1999 ‘Non
963 1960 1008 1999 te
1039 1961 1289 2011 praetereat
1321 1957 1515 2000 studiose
1544 1958 1682 2001 lector
1711 1958 1888 2002 Marulli
1926 1974 2006 2002 nos
2032 1958 2115 2001 hoc
2143 1957 2240 2000 loco
2271 1952 2386 1997 ordi-

431 2030 556 2069 nem,
590 2020 723 2071 atque
753 2016 857 2058 item
889 2014 995 2058 alibi
1025 2015 1070 2057 in
1101 2014 1344 2071 plerisque,
1376 2016 1451 2059 ubi
1481 2016 1759 2060 immutatum
1792 2016 1898 2073 quid
1929 2016 2181 2069 offenderis,
2214 2015 2386 2057 secutos

433 2079 557 2118 esse’.
630 2074 751 2125 Quae
792 2087 1043 2129 quanquam
1080 2087 1160 2128 per
1197 2087 1245 2116 se
1287 2073 1394 2117 satis
1435 2074 1663 2130 probabile
1698 2075 1910 2130 reddunt,
1963 2086 2245 2132 quascunque
2286 2082 2387 2126 epa-

433 2133 667 2177 northoses
700 2147 852 2175 manus
883 2132 1137 2174 recentioris
1167 2132 1212 2174 in
1243 2132 1391 2174 codice
1416 2134 1654 2175 victoriano
1686 2135 1947 2178 lectionibus
1977 2135 2174 2177 iuntinae
2204 2142 2388 2184 congru·

434 2196 557 2234 entes
599 2204 695 2233 esse
736 2189 1041 2245 intelligimus,
1089 2189 1146 2231 ad
1176 2189 1409 2233 Marullum
1453 2190 1704 2235 referendas
1736 2206 1855 2245 esse,
1904 2197 2071 2245 tamen,
2104 2205 2200 2234 cum
2230 2188 2387 2231 Petrus

436 2249 659 2292 Candidus
684 2262 731 2290 se
763 2248 894 2290 etiam
908 2247 1074 2290 Ioviani
1089 2247 1276 2290 Pontani
1307 2249 1422 2292 curis
1442 2264 1568 2292 usum
1600 2263 1696 2293 esse
1726 2250 1974 2305 tradiderit,
2008 2248 2253 2294 accuratius
2273 2245 2389 2290 vide-

435 2313 508 2351 tur
537 2307 646 2350 illud
678 2306 970 2349 demonstrari
1001 2310 1216 2362 oportere.
2353 2304 2356 2305 ⁷

554 2367 617 2410 Ac
648 2366 838 2421 primum
869 2365 1044 2420 quidem
1084 2379 1367 2421 quaecunque
1398 2366 1446 2409 P.
1481 2365 1703 2410 Candidus
1737 2367 1795 2410 ad
1830 2367 1991 2411 calcem
2019 2366 2122 2410 libri
2153 2364 2221 2408 sui
2250 2361 2387 2406 nomi-

436 2425 577 2469 natim
607 2423 796 2468 Marullo
828 2424 997 2478 tribuit,
1029 2424 1074 2467 in
1105 2424 1252 2468 codice
1284 2425 1522 2469 victoriano
1554 2430 1632 2469 aut
1663 2440 1690 2470 a
1719 2426 1868 2482 priore
1898 2441 2033 2476 manu
2063 2426 2261 2475 exstant,
2303 2435 2390 2464 non

435 2484 513 2527 illa
550 2484 794 2527 recentiore
824 2497 957 2526 manu
997 2487 1192 2537 mutata,
1237 2489 1315 2527 aut
1356 2498 1383 2527 a
1423 2489 1669 2529 correctore
1717 2485 1784 2531 vel
1826 2485 2055 2530 scribendo
2094 2483 2162 2528 vel
2190 2479 2388 2526 radendo

436 2543 507 2586 vel
550 2542 836 2598 expungendo
890 2542 1013 2584 illata
1058 2557 1153 2585 esse
1200 2544 1491 2598 reperiuntur.
1559 2548 1604 2598 1,
1639 2547 1738 2588 220.
1774 2548 1876 2589 249:
1926 2543 2169 2588 ‘discidium
2218 2551 2389 2596 parere,

440 2602 639 2656 agnoscit
667 2600 894 2644 Marullus.
936 2599 1027 2643 Sic
1055 2601 1121 2643 uti
1156 2615 1259 2643 mox
1301 2602 1483 2645 discidio
1527 2603 1735 2656 redeunt,
1782 2608 1828 2646 et
1866 2605 1910 2646 in
1948 2601 2232 2658 sequentibus
2272 2596 2390 2640 haud

436 2663 605 2702 temere
636 2659 788 2711 aliter,
820 2672 848 2701 a
878 2657 1012 2702 verbo
1042 2658 1204 2712 scindo.
1238 2658 1314 2702 alii
1344 2659 1572 2703 dissidium
1602 2661 1771 2717 legunt,
1809 2665 1853 2704 et
1883 2660 2092 2705 dissidio'.
2123 2658 2173 2701 P.
2193 2657 2241 2699 G.
2303 2654 2389 2696 dis-

441 2718 605 2761 cidium
653 2721 697 2759 et
743 2717 927 2759 discidio
970 2716 1007 2758 V
1043 2730 1109 2770 pr.
1141 2731 1197 2758 m.
1229 2741 1289 2748 —
1324 2720 1369 2770 1,
1403 2721 1502 2760 243.
1569 2718 1658 2762 ‘Vis
1690 2718 1870 2763 deberet
1909 2717 2147 2763 dissolvere
2177 2725 2388 2770 quaeque.

439 2788 689 2830 quenquam
720 2775 917 2830 agnoscit
944 2773 1177 2827 MarulluS,
1209 2778 1254 2817 et
1285 2775 1342 2818 ad
1374 2779 1626 2820 contextum
1657 2777 1810 2834 utique
1840 2776 2058 2821 refertur’.
2090 2772 2176 2818 PG.
2227 2783 2389 2826 queque

438 2833 478 2875 V
508 2848 572 2887 pr.
614 2848 671 2874 m.
712 2847 821 2886 quas
865 2834 1017 2874 literas
1062 2834 1234 2886 punctis
1280 2833 1486 2877 subiectis
1529 2836 1737 2878 delendas
1782 2850 1878 2878 esse
1918 2849 1979 2877 rc.
2016 2848 2067 2875 m.
2117 2828 2387 2888 significavit,

444 2905 688 2946 quenquam
719 2904 853 2945 supra
884 2889 1068 2934 addidit.
1101 2916 1155 2922 —
1171 2891 1173 2893 ’
1189 2893 1288 2935 383.
1339 2891 1477 2935 ‘Unde
1506 2894 1663 2936 initum
1694 2895 1883 2949 primum
1914 2893 2062 2948 capiat
2091 2904 2163 2933 res
2183 2900 2391 2944 quaeque.
