2767 3576
1391 206 1421 254 5

441 318 620 363 Initium
649 320 845 376 agnoscit
872 319 1086 364 Marullus
1117 319 1278 371 extrito
1307 318 1513 363 videlicet
1539 318 1557 361 i
1587 318 1634 360 in
1662 318 1906 370 scansione,
1946 322 1997 362 ut
2026 317 2133 362 alibi
2161 318 2209 361 in
2238 317 2382 361 verbis

441 375 607 421 sterilia
651 382 697 422 et
740 377 943 423 oriundi?
979 377 1028 422 P.
1060 375 1109 420 G.
1178 378 1351 422 initium
1394 377 1435 421 V
1472 390 1540 433 pr.
1578 389 1637 418 m.
1682 389 1780 419 cum
1822 374 2017 432 Oblongo
2058 380 2104 420 et
2141 374 2382 428 Quadrato.

444 433 744 489 correctorem
764 437 791 478 <i
807 434 993 492 ,literam
1021 434 1378 491 primumdelere
1405 433 1596 479 voluisse
1614 433 1800 489 vestigia
1826 446 1963 490 prope
1984 434 2166 479 evanida
2192 436 2381 486 exstant,

442 492 598 537 deinde
626 506 728 537 vero
750 493 946 546 retinuit,
976 493 1059 536 hac
1082 491 1304 548 adscripta
1330 493 1376 536 in
1397 493 1596 550 margine
1625 490 1909 535 adnotatione
1930 496 2047 537 ‘nota
2074 492 2191 536 unde
2208 491 2383 535 initium

441 551 644 607 primum.
691 549 763 593 Sic
794 554 840 593 et
865 550 1065 600 horatius·
1096 549 1153 608 [3.
1169 553 1210 602 6,
1228 549 1269 610 6]
1301 550 1402 594 hinc
1431 565 1557 594 omne
1585 549 1847 604 principium
1872 549 1956 592 huc
1985 550 2099 593 refer
2120 549 2314 593 exitum?
2327 573 2380 581 -—

442 611 540 652 407.
571 606 659 651 ‘Sic
687 607 777 650 alid
807 621 860 650 ex
890 607 992 651 alio.
1041 606 1250 650 Marullus
1278 607 1383 662 legit
1411 608 1531 651 alid.'
1559 608 1609 651 P.
1628 605 1677 649 C.
1738 607 1833 649 alid
1858 606 1976 661 Vpr.
1994 623 2051 658 m.
2071 633 2117 639 —
2154 610 2254 650 466.
2301 607 2381 649 ‘Ne

440 665 556 709 forte
583 663 693 708 haec
720 678 800 721 per
832 678 879 708 se
911 668 1069 721 cogant
1097 677 1176 708 nos
1207 669 1362 709 cuncta
1383 665 1527 710 fateri.
1556 664 1632 709 alii
1662 667 1819 708 contra
1838 662 1981 707 fateri.
2039 664 2251 709 Marullus
2282 677 2381 708 esse

443 723 667 778 agnoscit’.
696 722 745 765 P.
774 721 823 764 C.
882 736 962 765 nos
990 736 1079 765 esse
1103 724 1240 777 fateri
1266 723 1305 765 V
1324 737 1390 778 pr.
1421 738 1478 766 m.
1500 748 1554 776 ÷-
1599 724 1867 765 550—635.
1927 722 1977 764 In
2006 722 2182 765 Iuntina
2210 722 2255 765 hi
2285 736 2381 765 ver-

443 794 518 824 sus
545 778 628 823 hoc
657 779 811 823 ordine
840 794 887 823 se
917 780 1158 835 excipiunt:
1201 783 1299 823 550.
1332 784 1415 823 565
1433 808 1481 813 κ-
1499 783 1599 824 576.
1633 783 1785 822 584-
1803 782 1902 822 634.
1937 783 2019 822 577
2035 784 2199 824 -,583.
2234 784 2381 822 551-

444 840 543 881 564.
576 840 686 892 635,
734 838 790 882 de
830 852 915 894 quo
945 838 1097 882 ordine
1125 837 1173 881 P.
1204 837 1422 882 Candidus
1462 839 1508 883 in
1544 837 1751 882 extremis
1789 837 1960 895 paginis
2000 853 2052 881 ea
2092 838 2216 892 dicit,
2267 852 2381 894 quae

430 906 575 953 ¹supra
604 896 828 953 adscripsi.
887 896 939 940 In
966 896 1231 953 marginibus
1261 896 1420 941 codicis
1436 896 1679 942 Victoriani
1709 896 1745 940 si
1806 896 1844 940 is
1877 895 2133 952 quibusdam
2163 896 2379 953 appositis

441 959 663 998 corrector
692 954 977 1010 huncipsum
1007 956 1202 998 ordinem
1231 955 1543 999 instituendum
1573 969 1668 999 esse
1697 955 1745 998 in
1780 955 1920 997 ‘cavit
1981 955 2155 998 Erravit
2187 956 2301 998 enim
2323 953 2377 998 G.

443 1012 657 1056 Christius
688 1027 730 1067 p.
768 1015 833 1066 13,
866 1013 982 1068 quod
1010 1028 1050 1055 v.
1073 1016 1305 1055 551-564
1333 1014 1461 1056 modo
1491 1017 1594 1069 post
1623 1028 1661 1055 v.
1683 1015 1769 1055 583
1798 1014 2091 1068 transpositos
2122 1027 2216 1056 esse
2247 1013 2378 1066 dixit3

440 1074 560 1114 recte
589 1069 694 1125 quid
725 1075 947 1114 corrector
974 1071 1182 1114 voluisset
1212 1071 1290 1113 Th.
1320 1071 1531 1127 Bergkius
1561 1071 1764 1126 exposuit
1795 1070 1825 1112 l.
1846 1070 1889 1112 d.
1908 1085 1951 1125 p.
1978 1074 2062 1113 318
2092 1085 2154 1126 sq.
2193 1097 2240 1102 -
2276 1074 2376 1112 662.

442 1127 536 1171 ‘Nil
558 1127 616 1171 ab
646 1141 693 1172 se
723 1128 839 1184 quod
870 1129 1010 1184 possit
1053 1130 1227 1173 mittere
1266 1135 1450 1185 raptum.
1529 1128 1716 1181 Quidam
1758 1128 1922 1184 raptim
1962 1132 2213 1184 agnoscunt.
2283 1128 2379 1171 Ma·

440 1186 592 1239 rullus,
635 1187 815 1229 natum.’
842 1186 889 1229 P.
922 1186 967 1229 C.
1028 1195 1203 1241 raptum
1231 1187 1270 1230 V
1298 1201 1361 1242 pr.
1392 1202 1474 1240 m.‚
1512 1192 1666 1231 natum
1694 1200 1756 1229 rc.
1788 1201 1845 1229 m.
1884 1188 2048 1241 raptim
2080 1187 2291 1229 Avancius
2332 1187 2378 1229 in

441 1244 589 1288 aldina
617 1245 763 1300 priore
795 1259 834 1288 a.
872 1248 983 1288 1500
1014 1245 1207 1289 dederat.
1239 1269 1296 1277 —
1328 1248 1426 1288 688.
1474 1245 1723 1289 ‘Praeterea
1753 1244 1820 1288 rei
1849 1259 1962 1302 quae
1993 1259 2175 1300 corpora
2204 1246 2378 1288 mittere

444 1303 599 1359 possit.
660 1302 754 1346 Reii
793 1303 953 1359 ubique
980 1305 1202 1360 scriptitat
1231 1303 1461 1358 Marullus,
1503 1309 1549 1347 et
1586 1304 1692 1347 item
1735 1303 1819 1346 eii.’
1861 1303 1911 1347 P.
1941 1303 1989 1347 Css
2049 1305 2133 1347 reii
2170 1304 2217 1347 in
2243 1303 2282 1346 V
2311 1318 2377 1359 pr.

440 1376 498 1403 m.
532 1361 739 1403 omissum
781 1362 950 1404 addidit
978 1377 1038 1404 rc.
1070 1378 1154 1416 m.‚
1197 1363 1241 1405 in
1271 1377 1355 1418 mg.
1400 1362 1468 1404 his
1499 1362 1661 1404 additis
1706 1361 1870 1404 verbis:
1919 1362 2011 1419 ‘reij
2050 1361 2180 1404 debet
2221 1361 2377 1404 scribi'.

442 1418 514 1463 Sic
545 1421 585 1471 2,
624 1421 736 1462 1134
776 1434 872 1463 cum
917 1421 962 1463 in
992 1420 1031 1463 V
1060 1436 1125 1475 pr.
1156 1438 1212 1463 m.
1250 1423 1342 1463 eius
1369 1420 1538 1473 fuisset,
1583 1436 1644 1463 rc.
1675 1435 1733 1462 m.
1772 1422 1830 1462 eii
1874 1420 2117 1463 substituit.
2149 1446 2206 1451 —-
2236 1424 2276 1471 2,
2309 1423 2377 1461 42.

442 1476 671 1520 ‘Subsidiis
702 1478 869 1533 magnis
884 1477 1063 1534 Epicuri
1093 1477 1403 1522 constabilitas.
1451 1477 1665 1521 Marullus
1696 1492 1870 1520 carmen
1891 1478 1972 1521 hoc
2002 1479 2224 1532 expungit.
2267 1477 2375 1520 Nam

439 1535 559 1585 illud,
591 1540 769 1578 ornatas
801 1537 932 1579 armis
968 1540 1153 1590 statuas,
1187 1537 1454 1591 stanteisque
1488 1535 1718 1588 animatas,
1749 1535 1903 1591 procul
1934 1535 2067 1579 dubio
2099 1534 2376 1578 subditicium

441 1593 536 1635 est?
566 1593 615 1634 P.
636 1592 683 1634 G.
743 1594 794 1635 In
818 1594 856 1636 V
883 1608 979 1636 cum
1008 1609 1075 1650 pr.
1096 1610 1153 1637 m.
1186 1596 1266 1637 hos
1294 1608 1443 1637 versus
1477 1594 1737 1649 scripsisset,
1769 1607 1829 1636 rc.
1860 1607 1917 1636 m.
1950 1594 2172 1650 expunxit.
2192 1617 2244 1623 -—
2279 1596 2376 1635 269.

443 1651 517 1694 ‘Ut
538 1650 686 1693 videas
708 1651 878 1694 initium
897 1656 1055 1695 motus.
1100 1653 1276 1695 Initium
1296 1653 1492 1708 agnoscit
1510 1651 1738 1705 Marullus,
1770 1656 1821 1694 ut
1840 1666 1972 1707 supra
2001 1653 2047 1695 in
2067 1652 2208 1707 primo
2238 1651 2377 1694 libro.’

440 1708 488 1753 P.
509 1707 556 1752 C.
600 1710 773 1753 initium
795 1709 912 1765 Vpr.
928 1726 983 1753 m.
998 1712 1044 1754 in
1062 1726 1145 1766 mg.
1175 1711 1257 1754 hac
1286 1711 1568 1753 adnotatione
1593 1709 1762 1752 addita:
1795 1715 1914 1753 ‘nota
1943 1712 2116 1753 initium
2147 1715 2196 1752 ut
2221 1711 2379 1764 supra.'

443 1781 691 1824 quanquam
723 1768 877 1812 deinde
908 1768 993 1813 alio
1025 1772 1267 1814 atramento
1297 1770 1315 1812 i
1344 1769 1473 1812 litera
1501 1771 1677 1824 puncto,
1710 1767 1827 1824 quod
1856 1768 1928 1812 vix
1946 1768 2198 1825 dignoscere
2230 1782 2375 1823 queaS,

441 1830 595 1869 notata
625 1832 704 1869 est.
723 1851 775 1858 -—
812 1830 850 1880 3,
884 1830 982 1869 641.
1015 1827 1241 1871 ‘Permista
1271 1828 1401 1870 caede
1431 1827 1666 1870 cadenteis.
1724 1826 1832 1870 alibi
1862 1827 2114 1879 cadentum,
2161 1826 2375 1870 Calenteis

439 1885 636 1940 agnoscit
665 1884 903 1928 Marullus'.
935 1885 983 1927 P.
1003 1885 1051 1928 G.
1113 1888 1291 1930 calentis
1319 1886 1370 1928 V.
1398 1885 1778 1939 Terminationem,
1811 1899 1924 1941 quae
1956 1890 2024 1929 est
2054 1887 2126 1939 eis,
2159 1900 2236 1928 suo
2266 1885 2377 1940 peri-

440 1942 537 1986 culo
582 1942 630 1985 P.
664 1942 884 1986 Candidus
927 1943 1017 1987 fere
1059 1958 1229 2000 semper
1269 1944 1475 1987 restituit.
1510 1969 1558 1974 —
1606 1947 1646 1996 4,
1685 1946 1809 1986 1023.
1853 1944 1977 1987 ‘Tum
2022 1944 2179 1999 quibus
2220 1943 2374 1987 aetatis

437 2001 529 2043 frit.
587 2000 708 2044 Haec
735 2007 801 2043 est
815 2001 1076 2044 Marulliana
1102 2002 1243 2045 lectio.
1286 2014 1524 2057 rursusque
1553 2001 1659 2043 item
1689 2002 1735 2044 in
1766 2005 1901 2046 sexto.
1962 2002 2146 2058 Nanque
2177 2001 2251 2045 frit
2280 2002 2375 2057 ipse

436 2059 552 2102 anni.
612 2059 693 2102 Est
717 2064 861 2101 autem
890 2060 967 2102 frit
989 2061 1034 2102 in
1065 2075 1232 2103 summa
1260 2061 1346 2102 iam
1376 2065 1552 2102 matura
1583 2059 1703 2114 spica
1724 2060 1790 2114 id,
1821 2061 1937 2116 quod
1962 2062 2105 2103 minus
2128 2064 2214 2113 est,
2246 2073 2377 2115 quam

439 2132 635 2173 granum.
696 2116 902 2160 Nonnulli
931 2117 1001 2160 hic
1030 2117 1178 2173 legunt
1205 2119 1330 2161 freta.
1392 2117 1531 2161 Sicuti
1559 2118 1606 2159 in
1640 2122 1763 2160 sexto
1793 2118 1945 2161 fretus.
1978 2133 2091 2174 quae
2121 2119 2225 2161 mihi
2249 2132 2374 2160 voc-es

438 2175 1001 2230 neutiquam.pr0bantur.’
1029 2175 1078 2218 P.
1111 2176 1158 2219 C.
1215 2178 1332 2231 freta
1360 2176 1400 2219 V
1429 2190 1495 2230 pr.
1527 2190 1584 2227 m,
1612 2177 1697 2229 frit
1726 2189 1787 2218 rc.
1817 2191 1875 2220 m.
1907 2176 2016 2219 Item
2049 2180 2089 2230 6,
2124 2179 2206 2218 364
2232 2177 2375 2231 fretus

439 2234 479 2276 V
508 2248 574 2288 pr.
606 2248 677 2285 m.‚
705 2235 788 2287 frit
817 2248 877 2276 rc.
908 2248 964 2275 m.
996 2258 1052 2266 —-
1086 2238 1124 2287 5,
1157 2238 1225 2277 50.
1259 2234 1499 2289 ‘Expulerit
1530 2233 1679 2286 dictis,
1711 2248 1799 2276 non
1829 2235 1978 2277 armis.
2009 2248 2150 2278 nonne
2181 2234 2378 2277 decebat.

442 2292 546 2345 aris,
577 2292 772 2347 agnoscit
785 2290 1010 2345 Marullus,
1041 2307 1127 2336 non
1158 2293 1317 2336 armis.'
1346 2293 1392 2335 P.
1412 2291 1458 2335 C.
1519 2293 1657 2334 amnis
1688 2292 1896 2347 Vpr.m.,
1929 2294 2023 2336 aris
2036 2308 2165 2336 rem.
2188 2318 2243 2323 —-
2278 2295 2378 2335 310.

442 2351 625 2395 ‘Numen
654 2350 734 2394 fati
762 2350 997 2406 precellere
1026 2350 1163 2395 fineis.
1222 2351 1442 2395 Protelere
1473 2350 1672 2406 agnoscit
1700 2350 1941 2395 Marullus.’
1972 2351 2019 2395 P.
2040 2354 2085 2394 C.
2141 2352 2379 2406 protollere

439 2412 575 2465 funus
604 2409 643 2453 V
672 2423 737 2465 pr.
766 2423 822 2452 m.
853 2410 1063 2465 protelere
1089 2411 1199 2465 finis
1221 2425 1287 2462 rc.
1319 2425 1376 2453 m.
1435 2409 1487 2453 In
1515 2423 1600 2465 mg.
1636 2409 1838 2465 ‘protelo,
1870 2411 1936 2454 is.’
1995 2410 2272 2454 Existimavit
2302 2410 2380 2467 igi-

441 2473 516 2512 tur
546 2472 765 2512 corrector
794 2483 875 2524 pro
905 2482 978 2522 eo,
1025 2470 1138 2524 quod
1170 2470 1287 2526 apud
1316 2469 1495 2512 Festum
1525 2482 1567 2524 p.
1600 2471 1686 2510 234
1717 2468 1799 2523 M.‚
1839 2469 2103 2526 Turpilium,
2137 2468 2381 2523 Sisennam,

443 2527 653 2571 Lucilium
686 2527 870 2581 (Nonius
899 2542 942 2582 p.
977 2530 1074 2582 363,
1110 2531 1162 2571 12
1195 2532 1330 2584 sqq.),
1361 2527 1612 2570 Terentium
1643 2526 1836 2583 (Phorm.
1870 2530 1907 2570 1.
1941 2533 1981 2581 4,
2016 2528 2091 2586 36)
2122 2531 2204 2582 est,
2230 2533 2381 2583 prote-

379 2585 384 2590 ’
446 2587 551 2639 lare,
585 2585 834 2629 Lucretium
874 2586 1087 2640 protelere
1130 2587 1311 2641 dixisse,
1358 2600 1443 2641 quo
1482 2585 1656 2641 quidem
1701 2586 1897 2642 exemplo
1938 2591 1982 2630 et
2016 2587 2248 2629 Lucretius
2285 2588 2380 2642 ipse

446 2646 589 2688 lavere
621 2647 660 2697 5,
694 2647 778 2687 950
807 2657 859 2686 ac
892 2646 930 2697 3,
965 2646 1049 2686 873
1081 2658 1230 2688 sonere
1258 2645 1417 2701 posuit,
1450 2647 1495 2686 et
1526 2645 1712 2686 tonimus
1725 2644 1966 2688 Varronem
1995 2645 2040 2687 in
2065 2644 2379 2688 Eumenidibus

446 2703 545 2758 (fi-g.
580 2703 678 2758 36),
718 2703 844 2744 nictit
881 2701 1070 2744 Ennium
1100 2706 1151 2745 A.
1185 2707 1267 2746 346
1298 2703 1365 2754 V.‚
1403 2703 1602 2744 nescimus
1639 2702 1811 2744 Attium
1853 2703 1899 2744 in
1941 2702 2170 2758 Deiphobo
2203 2703 2302 2759 (frg.
2337 2705 2383 2754 3)

446 2760 609 2804 dixisse
638 2759 909 2815 grammatici
938 2763 1104 2802 veteres
1135 2764 1354 2804 testantur
1385 2759 1456 2815 (cf.
1483 2758 1533 2801 F.
1551 2758 1715 2801 Neuius
1747 2759 1801 2802 de
1831 2759 1981 2803 formis
2013 2762 2226 2804 sermonis
2256 2761 2384 2803 latini

447 2821 473 2862 2
503 2832 545 2872 p.
580 2820 661 2860 321
696 2818 824 2873 sqq.),
883 2816 1139 2862 Meminerat
1168 2834 1271 2862 vero
1300 2818 1396 2869 ille,
1426 2818 1512 2860 nisi
1541 2816 1689 2869 fallor,
1722 2818 1839 2872 apud
1866 2820 2134 2872 posteriores
2159 2821 2384 2873 protelare

445 2875 666 2921 interdum
696 2875 782 2920 dici
811 2882 891 2932 pro
923 2874 1160 2921 differendo
1191 2876 1262 2934 (cf.
1292 2874 1454 2919 Duker.
1488 2889 1637 2930 opusc.
1667 2889 1758 2918 var.
1790 2891 1831 2931 p.
1866 2877 1948 2919 331
1983 2878 2084 2933 sq.).
2117 2903 2173 2909 —
2207 2880 2247 2929 6,
2281 2879 2381 2920 332.

449 2934 597 2991 ‘Fugit
626 2947 678 2978 ac
707 2937 911 2991 penetrat
947 2947 1026 2990 per
1066 2939 1207 2979 strata
1244 2935 1425 2979 viarum.
1486 2932 1574 2977 Alii
1615 2946 1694 2989 per
1741 2947 1844 2978 rara
1879 2935 2048 2979 viarum
2086 2934 2260 2992 legunt,
2306 2949 2385 2991 per
