2767 3576
1353 220 1383 266 5

409 343 637 386 Lucretius
668 343 907 386 decessisse
938 342 1152 394 dicuntur,
1187 343 1429 396 comparari
1459 356 1544 385 non
1573 346 1720 395 potest
1739 354 1837 385 cum-
1856 343 1932 393 eis,
1965 355 2076 395 quae
2101 341 2264 383 Pollius
2287 343 2342 382 26

413 413 454 454 p.
488 404 571 442 564
601 400 800 443 similiter
830 413 856 443 a
884 398 1104 443 veteribus
1133 398 1234 442 ficta
1264 411 1362 443 esse
1392 403 1603 443 autmnat.
1665 399 1776 442 Nam
1806 399 1843 442 si
1873 399 2081 441 victoriae
2116 398 2348 441 salaminia

412 460 459 499 et
497 457 749 500 himerensis
789 457 858 499 vel
900 456 1164 509 plataeensis
1206 459 1253 499 et
1296 457 1553 511 mycalensis
1584 456 1750 499 eisdem
1780 454 1930 498 diebus
1961 458 2213 509 reportatae
2245 466 2343 497 6336

414 513 634 565 dicuntur,
677 514 807 556 trium
835 513 1085 566 tragoediae
1115 525 1297 566 graecae
1326 514 1567 567 principum
1595 513 1802 555 memoria
1832 513 1942 555 alius
1972 513 2059 554 alio
2090 512 2217 553 modo
2248 523 2344 554 cum

412 581 580 623 pugnae
601 570 851 612 salaminiae
871 569 941 612 die
962 569 1309 622 splendidissimo
1330 570 1558 613 coniuncta
1577 568 1712 612 fuisse
1733 568 2107 618 fertur‚Tim01e0
2138 568 2343 610 victorias

417 638 518 669 suas
549 638 696 669 omnes
727 626 880 669 diebus
907 625 1125 669 natalibus
1155 626 1245 669 suis
1275 630 1524 680 reportasse
1554 630 1785 677 narratur,
1827 625 1933 667 haec
1963 625 2104 667 omnia
2135 625 2197 667 ita
2227 637 2343 667 com·

415 686 571 735 parata
613 686 738 734 sunt,
779 686 829 725 ut
869 695 940 725 res
982 695 1109 736 quam
1146 683 1328 726 maxime
1359 684 1549 737 insignes
1581 687 1627 726 et
1657 683 1856 725 claritate
1888 682 1978 724 fere
2009 694 2136 734 pares
2168 682 2342 724 coniun-

414 743 591 793 gantur,
625 753 718 784 cum
749 740 977 793 splendore
1008 752 1085 783 suo
1116 740 1332 795 Vergilius
1363 741 1556 784 Lucretii
1588 741 1625 783 si
1657 752 1766 794 quae
1801 738 1944 782 fuerat
1982 740 2343 782 existimationem

415 795 670 840 obscurasse
700 797 909 840 videatur.
971 797 1112 851 Atque
1143 797 1199 840 ad
1229 801 1398 852 tempus
1428 798 1550 850 illud,
1581 797 1698 852 quod
1728 796 1919 851 Vergilio
1949 800 2093 850 togam
2124 796 2257 848 dedit,
2289 796 2343 838 il·

417 854 685 897 lustrandum
727 854 835 897 satis
878 854 983 905 fuit,
1029 855 1142 908 quod
1184 855 1348 898 eisdem
1388 855 1635 899 consulibus
1674 858 1803 897 natus
1842 853 1994 896 fuerat.
2054 854 2344 896 Iustissimum

406 912 549 964 ‘igitur
579 911 631 953 H.
664 911 846 954 Useneri
884 911 1085 954 iudicium
1117 915 1184 953 est
1214 911 1267 954 de
1298 925 1351 954 66
1389 913 1583 962 ratione,
1630 924 1715 965 qua
1745 911 1909 953 Pollius
1938 911 2097 952 Donati
2127 910 2345 952 narratio·-

417 980 513 1010 nem
553 968 816 1021 impugnavit
858 968 932 1021 (23
964 980 1005 1021 p.
1039 968 1157 1032 679).
1231 968 1314 1011 Sed
1355 973 1505 1012 contra
1547 969 1675 1025 Pollii
1718 968 2005 1010 coniecturam
2046 968 2176 1010 etiam
2222 967 2342 1009 aliud

420 1024 681 1067 afferendum
712 1028 791 1067 est.
863 1025 1023 1067 Notum
1053 1025 1166 1067 enim
1197 1028 1286 1077 est,
1331 1038 1439 1080 quae
1485 1026 1529 1068 in
1570 1025 1757 1079 epistola
1789 1024 2007 1068 Ciceronis
2052 1024 2107 1066 ad
2138 1023 2342 1075 Quintum

418 1081 598 1125 fratrem
627 1082 655 1123 l.
691 1085 729 1133 2,
763 1085 786 1123 9
819 1082 913 1136 (11)
946 1081 999 1123 de
1030 1082 1222 1124 Lucretii
1250 1083 1462 1136 poematis
1494 1083 1656 1136 scripta
1687 1086 1810 1133 sunt,
1861 1082 1923 1124 ita
1952 1081 2168 1134 plerisque
2202 1081 2341 1123 videri

418 1142 665 1192 comparata
695 1151 789 1180 esse
802 1171 811 1189 ,
852 1142 901 1181 ut
931 1142 1030 1191 post
1059 1142 1241 1180 mortem
1272 1140 1439 1182 demum
1469 1140 1661 1183 Lucretii
1693 1138 1824 1181 scribi
1854 1138 2073 1191 potuerint
2103 1142 2231 1191 atque
2263 1138 2340 1188 ita,

419 1208 513 1237 cum
555 1208 649 1237 eam
688 1195 914 1248 epistolam
955 1195 1128 1237 ineunte
1172 1208 1317 1238 mense
1348 1196 1583 1238 Februario
1625 1209 1664 1238 a.
1700 1199 1784 1237 700
1827 1196 1974 1237 datam
2019 1207 2114 1236 esse
2154 1199 2338 1245 constet,

417 1255 588 1305 poetam
618 1255 718 1294 ante
748 1264 786 1294 a.
821 1255 904 1293 700
933 1255 1148 1294 mortuum
1178 1264 1273 1295 esse
1304 1253 1535 1296 ostendant
1566 1252 1639 1307 (cf.
1671 1252 1741 1295 Fr.
1774 1251 2012 1294 Buecheler
2042 1251 2094 1293 ad
2128 1250 2176 1301 Q.
2199 1251 2337 1294 Cicer.

418 1310 569 1363 reliqu.
601 1322 641 1362 p.
676 1312 729 1351 23
752 1308 848 1362 sq.).
908 1308 1018 1350 Nam
1049 1321 1074 1351 a
1104 1309 1304 1352 Lucretio
1343 1310 1437 1363 ipso
1477 1322 1649 1363 carmen
1691 1309 1745 1352 de
1787 1312 1944 1352 natura
1989 1321 2131 1351 rerum
2177 1308 2340 1351 editum

418 1379 502 1409 non
533 1378 629 1408 esse
659 1365 888 1408 manifesta
927 1366 1085 1408 indicia
1127 1370 1371 1418 exstarent,
1418 1368 1589 1410 etiamsi
1630 1367 1739 1409 illud
1769 1366 2018 1420 Hieronymi
2059 1378 2160 1418 quos
2193 1372 2341 1417 postea

420 1423 563 1466 Cicero
603 1423 835 1465 emendavit
869 1435 954 1464 non
999 1435 1232 1466 nossemus.
1309 1424 1415 1466 Cum
1446 1428 1588 1466 autem
1629 1423 1743 1478 quod
1787 1424 2015 1466 Suetonius
2045 1427 2232 1465 testatur
2262 1435 2340 1476 pro

419 1494 519 1524 vero
541 1493 626 1523 non
656 1479 815 1523 habere
845 1480 889 1522 in
910 1480 1109 1523 carminis
1130 1481 1371 1524 conditione
1403 1494 1468 1534 ea,
1500 1494 1609 1536 quae
1635 1481 1909 1524 Lachmanno
1930 1481 2035 1523 duce
2063 1480 2220 1523 sensim
2243 1493 2340 1523 sen-

418 1540 581 1592 simque
610 1539 747 1591 magis
778 1538 948 1591 cognita
977 1542 1058 1589 est,
1089 1536 1180 1580 fere
1211 1539 1486 1582 temerarium
1516 1540 1595 1591 sit,
1631 1540 1793 1581 nullam
1823 1551 2000 1592 prorsus
2031 1539 2121 1580 veri
2153 1539 2339 1590 speciem

414 1595 559 1647 habet,
591 1595 704 1649 quod
725 1594 887 1637 Pollius
919 1595 1112 1647 sumpsit,
1145 1608 1171 1637 a
1201 1596 1292 1637 vivo
1317 1596 1519 1638 Lucretio
1550 1596 1788 1649 particulas
1819 1596 1985 1649 aliquas
2017 1595 2216 1637 carminis
2242 1607 2336 1637 cum

416 1653 563 1695 amicis
585 1652 917 1694 communicatas
938 1663 1047 1702 esse,
1074 1651 1150 1693 sed
1170 1653 1295 1694 nimis
1316 1652 1546 1695 artificiose
1568 1654 1855 1706 excogitatum
1878 1657 1956 1694 est.
2009 1652 2212 1693 Poemata
2234 1665 2335 1694 vero

418 1724 444 1753 a
465 1710 670 1753 Cicerone
701 1708 883 1751 schedae
913 1708 1012 1750 illae
1043 1709 1227 1751 nondum
1259 1710 1481 1752 ordinatae
1512 1723 1648 1764 neque
1680 1712 1723 1752 in
1754 1723 1883 1752 unum
1909 1722 2062 1763 corpus
2088 1715 2336 1762 compactae

414 1764 534 1809 'recte
566 1766 650 1808 dici
680 1769 892 1819 poterant.
965 1765 1091 1807 Pollii
1135 1766 1266 1819 igitur
1304 1767 1446 1820 opinio
1488 1767 1663 1820 probari
1706 1780 1788 1809 non
1828 1771 1985 1820 potest.
2064 1767 2149 1808 Sed
2191 1768 2233 1808 in
2273 1767 2336 1809 eis

417 1837 525 1878 quae
576 1827 724 1866 6011116
766 1823 1005 1865 Usenerum
1047 1824 1243 1876 exposuit
1283 1824 1424 1867 inesse
1467 1838 1576 1878 quae
1618 1829 1735 1867 recte
1774 1825 1936 1866 monita
1978 1826 2085 1875 sint,
2132 1824 2200 1866 hic
2241 1825 2335 1877 ipse

416 1882 550 1924 musei
589 1881 707 1922 rhen.
741 1883 794 1922 23
826 1893 865 1933 p.
900 1883 983 1921 678
1027 1881 1249 1923 concessit.
1324 1881 1434 1924 Nam
1474 1894 1568 1924 cum
1606 1882 1675 1924 hic
1717 1882 1760 1923 in
1805 1882 2053 1935 Hieronymi
2096 1881 2219 1923 codd.
2261 1881 2335 1927 AF

417 1938 605 1981 Lucretii
636 1938 802 1980 natales
834 1936 889 1979 ad
919 1949 956 1979 a.
988 1931 1237 1979 Abrahami
1255 1941 1377 1990 1922,
1410 1939 1453 1980 in
1482 1939 1518 1981 B
1548 1939 1603 1981 ad
1634 1952 1671 1981 a.
1696 1942 1818 1990 1923,
1851 1939 2031 1992 Vergilii
2069 1939 2111 1980 in
2143 1938 2176 1979 F
2208 1938 2263 1980 ad
2295 1952 2334 1981 a.

422 2000 544 2047 1946,
575 1996 618 2036 in
648 1995 681 2036 P
713 1995 768 2037 ad
799 1997 987 2045 a.1947,
1019 1994 1062 2035 111
1091 1995 1164 2036 ΑΒ
1196 1995 1251 2037 611
1282 2009 1318 2037 a.
1348 2000 1456 2038 1948
1488 1996 1717 2038 adnotatos
1739 1997 1964 2047 invenilet,
1997 1995 2050 2037 ab
2075 1996 2334 2049 Hieronymo

418 2053 613 2095 consules
645 2066 681 2094 a.
718 2055 826 2093 1923
850 2071 903 2085 =
926 2064 962 2092 a.
997 2054 1080 2092 660
1112 2051 1164 2093 ab
1195 2065 1234 2093 u.
1268 2065 1302 2094 c.
1335 2065 1430 2094 cum
1460 2053 1704 2095 consulibus
1736 2067 1773 2095 a.
1812 2057 1921 2094 1919
1948 2072 1998 2086 =
2025 2057 2106 2093 656
2149 2053 2203 2094 ab
2234 2066 2274 2094 11.
2299 2066 2333 2094 6.

419 2109 615 2152 confusos
647 2120 741 2150 esse
773 2108 1024 2158 coniecerat,
1056 2107 1118 2166 ita
1148 2112 1195 2149 111
1226 2108 1338 2150 inter
1367 2122 1500 2151 annos
1535 2113 1644 2150 1948
1677 2113 1721 2150 61
1756 2113 1865 2150 1919
1897 2109 2169 2150 intervallum
2201 2109 2335 2151 unde-

416 2167 594 2219 triginta
625 2177 829 2207 annorum
860 2168 999 2222 esset,
1051 2176 1228 2217 eumque
1270 2166 1408 2217 ipsum
1446 2179 1665 2208 numerum
1709 2179 1734 2208 a
1776 2166 2083 2219 glossographo
2128 2167 2334 2218 scriptmn

417 2224 562 2274 fuisse,
595 2223 662 2264 cui
692 2221 1002 2264 restituendum
1033 2225 1149 2263 esset
1178 2235 1291 2263 anno
1321 2233 1492 2264 xxvun
1527 2227 1623 2264 ante
1665 2223 1917 2276 Veryilium,
1962 2236 1986 2264 a
2027 2223 2337 2276 glossographo

419 2281 529 2324 enim
569 2284 613 2322 et
655 2280 746 2322 eius
790 2282 963 2321 auctore
1002 2278 1189 2321 natalem
1220 2279 1406 2322 Lucretii
1437 2281 1597 2323 rectius
1644 2281 1895 2323 adnotatum
1940 2280 2073 2322 fuisse
2113 2293 2239 2333 quam
2280 2281 2336 2323 ab

420 2339 690 2391 Hieronymo.
758 2337 816 2378 At
845 2335 1006 2377 Pollius
1038 2335 1064 2376 l.
1097 2336 1137 2377 d.
1168 2348 1208 2388 p.
1233 2340 1315 2378 563
1347 2350 1455 2391 quae
1488 2350 1513 2380 a
1544 2338 1851 2392 glossographo
1883 2338 1936 2379 de
1969 2337 2119 2379 Ovidio
2151 2341 2195 2379 et
2226 2337 2335 2380 Ver-

418 2396 519 2450 gilio
551 2395 776 2436 tradantur
806 2393 1062 2445 Hieronymo
1094 2392 1240 2434 deberi
1278 2394 1401 2446 dicit,
1453 2395 1597 2448 itaque
1640 2396 1771 2437 6116111
1802 2407 1910 2448 quae
1943 2395 1995 2436 de
2027 2395 2226 2436 Lucretio
2259 2395 2338 2438 ad-

419 2456 569 2494 notata
600 2452 698 2502 sint,
731 2450 786 2492 ad
817 2450 1118 2502 Hieronymum
1148 2450 1375 2493 referenda
1405 2464 1513 2503 esse,
1547 2452 1658 2506 quod
1691 2453 1728 2493 si
1760 2456 1965 2502 sumatur,
1998 2453 2111 2493 inter
2141 2465 2179 2493 a.
2208 2456 2333 2504 1948,

418 2510 473 2552 ad
505 2522 629 2562 quem
659 2519 814 2550 annum
844 2507 885 2547 in
917 2506 1037 2548 codd.
1070 2507 1142 2547 AB
1174 2509 1340 2550 natales
1372 2509 1550 2561 Vergilii
1579 2508 1835 2559 referantur,
1872 2514 1916 2550 et
1947 2521 1984 2550 a.
2022 2512 2144 2559 1922,
2191 2510 2257 2551 6111
2290 2511 2333 2551 111

418 2566 540 2610 codd.
564 2566 634 2607 AF
657 2564 813 2607 natalis
835 2563 1022 2605 Lucretii
1044 2562 1271 2616 tribuatur,
1308 2568 1359 2606 27
1383 2578 1515 2608 annos
1547 2566 1771 2617 interesse,
1803 2565 2042 2616 dummod0‚
2066 2566 2180 2619 quod
2202 2579 2332 2619 saepe

418 2624 577 2667 factum
599 2623 667 2674 sit,
699 2621 879 2675 primum
901 2624 945 2662 61
975 2620 1167 2663 1111111111111
1198 2634 1352 2664 6111111111
1380 2623 1663 2676 computando
1695 2623 1888 2666 additum
1915 2635 2009 2665 esse
2033 2623 2331 2675 concedamus,

418 2694 597 2735 eumque
639 2680 777 2733 ipsum
822 2690 975 2720 annum
1020 2678 1133 2730 apud
1174 2679 1527 2733 glossographum
1567 2685 1752 2723 exstare.
1843 2681 1954 2722 Vere
1999 2681 2131 2734 igitur
2161 2683 2332 2724 ‚natalis

420 2740 518 2782 anni
548 2737 736 2780 Lucretii
767 2748 987 2777 numerum
1018 2734 1072 2776 ab
1104 2736 1360 2789 Hieronvmo
1392 2738 1598 2779 traditum
1630 2751 1739 2789 esse,
1771 2739 1987 2779 Donatum
2017 2738 2129 2779 falsa
2161 2743 2206 2779 et
2236 2738 2338 2781 ficta

418 2795 594 2839 referre.
668 2793 886 2836 Usenerus
924 2791 1055 2845 igitur
1096 2804 1314 2835 numerum
1344 2794 1641 2848 glossographi
1685 2808 1736 2837 ex
1775 2795 1961 2837 numeris
2003 2794 2338 2848 hieronymianis

418 2854 605 2907 pendere
626 2851 762 2894 Pollio
794 2849 1002 2892 concessit
1033 2849 1156 2903 (mus.
1179 2850 1297 2892 rhen.
1323 2853 1375 2893 23
1398 2864 1438 2905 p.
1462 2855 1545 2894 679
1568 2853 1666 2906 sq.‚)
1700 2852 1776 2895 sed
1807 2864 2029 2895 numerum
2060 2852 2180 2895 illum
2201 2853 2337 2896 unde·

421 2911 696 2953 tricenarium
724 2920 807 2950 non
837 2910 1032 2949 constare
1065 2906 1180 2959 dicit,
1212 2908 1292 2951 nisi
1324 2908 1559 2963 Vergilium
1590 2923 1628 2953 a.
1663 2913 1716 2952 70
1748 2923 1785 2953 a.
1819 2909 1917 2953 Chr.
1950 2914 2099 2953 natum
2138 2923 2234 2954 esse
2267 2924 2338 2954 su-
