2767 3576
1383 186 1442 238 13

449 307 612 410 ιιι-0138
553 306 864 354 cohaeream.
899 300 1488 348 Bectuenimhocnovum
1523 316 1660 359 genus
1697 307 2054 359 argumentorum
2086 320 2127 347 v.
2158 308 2375 361 577pat-

449 365 486 409 ti
614 364 758 410 Porro
787 377 886 409 cum
914 358 1136 420 prim-ihu
1163 360 1454 418 eqniungitur,
1480 360 1654 418 pmter
1681 364 1816 418 atque
1844 361 2023 407 tertium
2051 376 2189 420 genus
2217 378 2257 408 v.
2287 366 2373 407 599

448 422 675 481 particulis
698 423 816 474 Τοιη
836 434 1068 478 porro—
1096 418 1370 475 adnectitur3
1409 419 1488 466 sed
1515 419 1621 472 ferri
1652 419 1910 477 vixpotest‚
1940 421 2053 478 quod
2092 410 2273 470 secundi

447 482 566 528 neris
594 491 700 540 pars
726 480 871 530 alters
894 493 938 524 v.
959 481 1044 524 551
1285 455 1439 524 cul’am
1467 479 1671 536 Denique
1699 502 1756 512 -
1785 435 1984 524 infertur.
2044 479 2187 534 Quare
2215 480 2275 527 ab
2301 436 2373 525 ἐξ

447 541 646 587 versibus
665 539 939 607 (551-564)
963 551 1052 582 non
1115 551 1143 581 v
1201 537 1332 582 endos
1354 552 1449 583 esse
1470 538 1652 584 coniicio
1671 537 1871 582 undecim
1892 551 1979 593 eos,
2010 539 2086 597 qui
2105 538 2375 597 praecedunt

448 602 508 669 (v
528 597 815 700 540—5fo)‚
844 597 912 641 ita
937 599 988 641 ιιι
1013 594 1200 646 alterum
1228 610 1363 654 genus
1390 600 1748 655 argumentorum
1776 595 1845 640 his
1871 596 2015 642 tribus
2041 599 2242 657 partibus
2271 613 2373 644 con-

447 658 666 705 ansatur.
797 632 943 701 'Porro
984 656 1282 712 (577-583),
1328 658 1368 700 2
1400 660 1634 712 praetem
1669 613 2275 713 (540-550),3pdm·q1oe
2313 664 2370 709 (v.

449 717 585 761 551-
598 659 732 772 564).1
774 713 929 770 Itaque
959 711 1041 758 hos
1068 725 1219 761 versus
1248 727 1393 765 omnes
1422 714 1506 758 hoc
1531 713 1663 759 mo'do
1693 726 1720 757 a
1750 712 1954 757 Lucretio
1986 715 2208 761 ordinatos
2236 715 2372 760 fuisse

448 772 671 818 mstimo:
690 772 725 816 Ι.
746 774 832 816 503
849 771 1167 827 Principw—.
1208 773 1307 823 510.
1324 773 1562 817 Praeterea
1582 797 1650 815 -.
1669 774 1768 814 520.
1789 778 1880 815 tum
1888 786 2024 827 porro
2061 802 2064 803 ν
2096 776 2371 818 ,528-539.

446 832 553 876 haee
584 845 808 886 neque—
835 831 925 875 sint
961 829 1067 874 haee
1106 833 1281 874 aeterna
1322 835 1539 876 necessest.
1581 832 1830 874 565—576.
1867 830 1951 875 huc
1990 808 2175 887 accedit,
2216 833 2283 878 uti
2313 857 2366 865 —

446 890 701 944 validasque
727 889 946 933 ostendere
973 889 1096 932 viris.
1127 890 1371 932 584—-598.
1401 890 1624 944 denique
1662 890 1754 932 iam
1784 913 1840 921 —
1870 893 2088 945 motusque
2119 898 2369 946 parentum.

446 947 970 992 11.577-583.·P0rro
997 947 1040 990 si
1067 971 1125 978 —
1154 950 1311 990 vexata
1332 961 1419 1003 per
1448 961 1608 991 aevom.
1655 948 1904 990 540—550
1933 953 2167 1003 praeterea
2195 951 2282 993 nisi
2312 974 2371 982 -

446 1020 519 1051 res
545 1019 770 1061 reparare.
818 1007 957 1048 551—
964 1007 1064 1048 564.
1104 1005 1335 1059 denique
1363 1007 1404 1049 si
1432 1030 1490 1038 —-
1521 1006 1767 1061 continqere
1802 1006 1966 1060 florem.
2015 1007 2369 1052 111.599-614.

451 1066 562 1111 Tum
584 1078 724 1120 porro
754 1089 826 1107 —.
858 1065 1102 1108 615-627.
1125 1068 1357 1118 praeterea
1374 1064 1462 1108 nisi
1489 1090 1559 1108 -.
1592 1066 1841 1108 628—634.
1872 1064 2102 1121 denique
2128 1068 2176 1111 m·
2203 1093 2263 1100 —
2286 1081 2371 1122 per

448 1138 558 1181 quae
586 1136 658 1168 res
686 1137 877 1178 quaeque
900 1126 1125 1179 ρωπίαν.

540 1181 696 1232 ,Aliud
721 1185 788 1227 est
815 1181 861 1226 in
889 1181 958 1227 his
987 1180 1206 1236 versibuS,
1237 1179 1290 1226 de
1320 1196 1404 1238 quo
1433 1180 1650 1239 explicare
1683 1180 1825 1227 velim.
1856 1180 1908 1227 V.
1940 1184 2025 1227 565
2057 1198 2149 1240 sqq.
2192 1182 2238 1228 hi
2267 1186 2370 1229 sunt

446 1243 494 1288 ιιι
521 1240 763 1288 codicibus:

795 1300 878 1342 huc
908 1299 1072 1341 accedit
1100 1300 1185 1353 uti,
1214 1299 1477 1344 solidissima
1504 1301 1737 1342 materiai

798 1371 984 1413 corpora
1013 1370 1108 1401 cum
1138 1361 1353 1411 constant,
1377 1356 1552 1411 possint
1583 1362 1726 1402 tamen
1761 1357 1908 1401 omnia
1936 1356 2064 1402 reddi

794 1416 944 1460 mollia
973 1429 1082 1470 quae
1107 1416 1231 1470 fiunt,
1264 1430 1356 1469 aer,
1388 1429 1526 1470 aqua,
1557 1419 1689 1470 terra,
1719 1429 1917 1470 vapores,

794 1488 876 1530 quo
899 1477 1033 1529 pacto
1060 1475 1172 1529 fiant
1199 1478 1240 1518 et
1269 1488 1353 1529 qua
1382 1474 1427 1516 vi
1456 1486 1647 1540 quaeque
1673 1478 1898 1529 yet-antur,

796 1534 1035 1576 admixtum
1066 1534 1269 1586 quoniam
1296 1532 1423 1574 semel
1451 1535 1513 1574 est
1541 1533 1590 1575 in
1619 1533 1748 1575 rebus
1777 1533 1923 1575 inane.

446 1591 567 1643 Quae
589 1591 692 1647 quia
719 1590 901 1647 intelligi
920 1604 1008 1634 non
1036 1594 1232 1646 possunt,
1262 1605 1300 1633 v.
1329 1591 1411 1632 568
1442 1603 1525 1644 quo
1549 1595 1683 1646 pacto
1709 1592 1892 1646 fiant—
1913 1590 1964 1633 R.
1980 1589 2203 1635 Bentleius
2233 1591 2366 1635 deleri

442 1650 595 1703 iussit,
638 1649 940 1693 Lachmannus
982 1653 1084 1704 post
1127 1665 1165 1692 v.
1198 1652 1280 1691 585
1322 1648 1540 1691 crescendi
1577 1650 1709 1693 rebus
1750 1653 1919 1693 constat
1954 1649 2170 1704 vitamque
2200 1650 2367 1694 tenendi

446 1708 683 1752 collocavit.
743 1707 828 1751 Sed
858 1707 1115 1751 sententiam
1145 1706 1256 1750 hanc
1286 1720 1378 1750 esse
1408 1719 1583 1750 necesse
1627 1711 1716 1761 est,
1758 1710 1808 1750 ut
1847 1706 2099 1761 Lucretius,
2139 1708 2176 1751 si
2206 1707 2365 1751 solidas

444 1766 655 1822 quasdam
685 1770 866 1818 atomos,
897 1778 1007 1820 quae
1036 1768 1239 1808 aeternae
1268 1765 1367 1817 sint,
1398 1778 1486 1807 non
1514 1764 1640 1818 fiant,
1673 1779 1769 1808 esse
1797 1765 2132 1819 crediderimus,
2164 1766 2365 1832 expiicari

441 1838 569 1880 posse
591 1824 719 1876 dicat,
750 1822 963 1878 quomodo
987 1822 1166 1875 eveniat,
1198 1826 1259 1877 ιιι,
1289 1836 1568 1890 quaecunque
1588 1822 1712 1876 fiunt,
1742 1822 1891 1866 mollia
1911 1823 2012 1866 sint.
2041 1822 2195 1879 Itaque
2219 1824 2288 1867 vix
2299 1824 2365 1866 ita

442 1882 629 1938 effugere
658 1882 909 1937 poterimus,
942 1881 1047 1937 quin
1074 1881 1200 1925 reddi
1218 1879 1368 1925 eadem
1396 1880 1438 1924 vi
1467 1880 1659 1936 positum
1684 1895 1779 1925 esse
1809 1881 2118 1936 existimemus,
2149 1897 2234 1949 qua
2258 1882 2363 1937 fieri

439 1940 576 1985 latine
606 1940 786 1984 dicitur.
814 1953 964 1984 verum
977 1939 1142 1984 formae
1172 1940 1338 1984 activae
1352 1938 1486 1993 verbi,
1518 1939 1634 1996 quod
1665 1943 1733 1984 est
1761 1940 1955 1995 reddere,
1986 1953 2084 1984 cum
2115 1940 2361 1997 saepissime

440 1999 530 2044 fere
560 1999 675 2043 idem
704 1998 965 2067 significent,
997 1998 1113 2055 quod
1138 2000 1306 2054 facere,
1335 1998 1531 2054 passivas
1563 1999 1758 2055 (praeter
1798 1975 2080 2055 participium
2109 2000 2362 2067 perfectum)

442 2059 504 2101 sic
534 2072 621 2101 non
647 2059 875 2112 usurpari,
921 2056 998 2099 sed
1025 2058 1125 2111 fieri
1155 2071 1303 2100 earum
1332 2056 1498 2099 vicibus
1528 2056 1649 2113 fungi
1679 2062 1866 2110 constat,
1897 2062 1948 2100 ut
1981 2057 2132 2101 similis
2162 2059 2271 2101 ratio
2303 2058 2362 2100 sit

440 2117 670 2160 verborum
696 2117 874 2159 reddere
903 2119 948 2158 et
974 2116 1085 2170 fieri,
1117 2119 1247 2171 atque
1270 2116 1456 2170 perdere
1486 2119 1532 2158 et
1552 2117 1726 2169 perire,
1763 2092 1945 2160 vendere
1974 2119 2019 2159 et
2048 2118 2190 2160 venire
2220 2115 2361 2173 (Stru-

440 2175 533 2219 vius
565 2174 618 2218 de
648 2173 800 2218 declin.
833 2176 877 2218 et
906 2172 1074 2230 coniug.
1117 2172 1193 2218 lat.
1224 2188 1266 2229 p.
1298 2175 1352 2216 85
1384 2187 1478 2230 sqq.
1509 2173 1813 2219 Lachmannus
1843 2188 1952 2219 mus.
1993 2172 2112 2218 rhen.
2145 2177 2169 2218 3
2199 2189 2241 2230 p.
2274 2176 2360 2218 613

432 2248 536 2291 sqq.
557 2233 615 2276 ad
643 2232 815 2276 Lucret.
846 2246 889 2288 p.
924 2233 1038 2289 121).
1098 2232 1162 2275 Ne
1191 2232 1416 2275 Lucretius
1446 2232 1640 2289 quidem,
1673 2246 1920 2290 quanquam
1956 2235 1993 2288 1,
2028 2236 2109 2277 572
2139 2233 2247 2276 dixit
2276 2247 2363 2276 non

435 2294 600 2348 poterit
641 2293 755 2334 ratio
793 2293 918 2334 reddi
961 2294 1004 2333 et
1036 2294 1085 2344 6,
1107 2294 1191 2333 998
1231 2292 1363 2346 facile
1401 2291 1504 2333 hinc
1540 2294 1656 2334 ratio
1694 2293 1900 2335 reddetur
1930 2296 1974 2335 et
2006 2297 2056 2345 4,
2078 2295 2155 2336 107
2198 2292 2362 2335 similes

441 2352 682 2396 reddantur
711 2351 862 2404 cuique
888 2351 1069 2405 fiyurae,
1098 2349 1206 2393 illud
1237 2348 1423 2393 alterum
1452 2349 1652 2404 admisit,
1696 2351 1761 2394 ita
1790 2354 1841 2394 ut
1870 2351 2003 2395 etiam
2033 2350 2086 2394 ob
2117 2349 2230 2393 hanc
2260 2364 2361 2394 cau-

441 2424 535 2455 sam
569 2412 605 2462 1,
625 2411 709 2451 209
739 2407 792 2450 D.
823 2407 1021 2451 Lambini
1049 2408 1296 2451 coniectura
1325 2411 1365 2451 et
1392 2408 1593 2451 manibus
1621 2410 1819 2452 meliores
1848 2410 1974 2453 reddi
1997 2410 2110 2464 fetus
2138 2408 2245 2452 ferri
2274 2422 2363 2452 non

440 2469 591 2526 possit.
650 2466 904 2510 Rectissime
944 2466 1078 2523 igitur
1106 2466 1140 2509 Ι.
1181 2465 1372 2522 Bernays
1402 2465 1539 2521 praef.
1581 2480 1624 2523 p.
1657 2467 1770 2510 VIII.
1811 2467 1941 2511 aliam
1980 2468 2091 2511 viam
2138 2467 2362 2524 ingressus

441 2531 521 2572 est.
579 2526 762 2569 Versum
793 2525 905 2568 enim
937 2527 1020 2567 568
1051 2538 1114 2579 eo,
1144 2538 1229 2580 quo
1258 2525 1304 2567 in
1330 2524 1455 2567 libris
1486 2528 1575 2579 est,
1613 2525 1709 2568 loco
1752 2526 1933 2569 retinuit
1963 2530 2007 2570 et
2052 2525 2179 2568 reddi
2207 2540 2247 2568 v.
2275 2528 2360 2568 566

442 2601 495 2631 ea
523 2585 565 2630 vi
595 2598 622 2628 a
651 2587 782 2640 poeta
813 2583 975 2627 dictum
1005 2597 1099 2627 esse
1127 2583 1246 2637 vidit,
1276 2597 1363 2639 qua
1393 2586 1536 2637 2,179
1568 2588 1613 2627 et
1644 2587 1782 2637 5,197
1812 2584 1954 2628 dicere
1984 2598 2116 2627 ausus
2148 2588 2239 2629 est:

786 2642 864 2685 hoe
895 2647 1033 2686 tamen
1065 2656 1118 2685 ex
1147 2643 1257 2697 ipsis
1287 2642 1396 2685 caeli
1422 2643 1666 2686 rationibus
1696 2644 1837 2686 ausim
1925 2692 1929 2695 ,

787 2702 1040 2756 confirmare
1068 2701 1251 2756 aliisque
1280 2716 1333 2745 ex
1363 2700 1491 2746 rebus
1520 2702 1700 2746 reddere
1730 2700 1889 2754 multis,

439 2761 482 2806 ιι.
503 2775 540 2806 e.
571 2761 749 2806 reddere
768 2761 989 2815 rationem,
1018 2763 1069 2803 ut
1098 2759 1254 2803 deinde
1282 2775 1320 2803 v.
1342 2762 1426 2802 572
1461 2765 1660 2804 accurate
1681 2759 1972 2826 respondeant
1999 2756 2152 2800 verba·
2183 2773 2269 2802 non
2277 2772 2362 2813 po-

440 2822 542 2867 terit
579 2821 694 2864 ratio
731 2819 867 2863 reddi.
926 2819 1076 2875 Neque
1118 2822 1266 2862 tamen
1311 2818 1464 2872 video,
1505 2819 1721 2875 quomodo
1761 2833 1832 2862 res
1870 2817 1991 2874 ipsae
2020 2815 2148 2859 reddi
2177 2817 2361 2872 possint,

439 2879 655 2935 quomodo
684 2877 834 2921 molles
869 2878 989 2921 fiant.
1049 2877 1260 2920 Nimirum
1297 2878 1367 2932 leg
1369 2877 1526 2920 endum
1574 2883 1641 2921 est
1683 2880 1836 2932 possit,
1866 2879 1918 2918 ut
1947 2889 2100 2918 sensus
2130 2876 2362 2919 verborum

437 2937 509 2981 hic
539 2938 617 2981 sit·
657 2951 754 2980 cum
783 2950 965 2992 corpora
995 2935 1134 2979 solida
1160 2939 1384 2989 constant,
1414 2935 1538 2979 reddi
1566 2939 1736 2991 potest,
1782 2948 1867 2991 quo
1898 2936 2028 2989 pacto
2058 2933 2207 2977 mollia
2234 2933 2356 2988 fiant,
