2767 3576
1358 151 1390 210 8

391 276 538 334 minus
568 277 799 338 corrqitos
828 273 966 330 dedit,
995 287 1132 334 quam
1160 270 1392 321 Ανειμ“ιιέ“.
1438 249 1691 323 mum
1717 290 1821 322 vero
1848 278 2210 345 antifonaria
2267 288 2348 326 *³20

391 328 2059 402 bmnbmmeadshmswadsotnseemoenphnmffim
2268 348 2344 373 “,

391 395 442 440 in
483 394 646 462 quibus
680 397 767 439 eae
798 390 864 438 ab
893 392 994 437 aliis
1035 390 1288 450 diligentius
1317 405 1348 435 n
1394 391 1668 449 ligantium
1682 390 1950 438 adnotatae·
1955 398 2136 452 esseut,
2153 392 2349 459 &listi

390 451 595 503 Victorii
604 455 762 504 veneta
790 464 831 496 a
866 453 980 514 1495
1009 462 1111 495 cum
1139 460 1192 495 eo
1230 405 1492 552 ειειιιὲιέτι,
1517 450 1647 509 quod
1675 465 1706 496 a
1717 448 1873 496 Petro
1885 450 2095 498 Candido
2123 428 2347 501 νεμέτω

391 524 488 580 esse
517 501 777 555 emendum
804 511 905 564 est,
919 500 1126 554 docuisse
1154 508 1282 553 nobis
1310 522 1353 552 νι
1384 520 1521 553 emur.

508 566 598 613 Sed
617 581 707 625 quo
731 565 911 612 tandm
930 566 1076 612 tendit
1095 560 1209 619 haec
1221 569 1383 610 nostra
1400 567 1543 612 omnis
1563 564 1840 623 disputatio?
1873 538 2090 613 Nimirum
2118 572 2170 613 ut
2198 542 2346 613 osten·

390 626 548 671 damus
584 628 899 681 correctorem,
971 639 1020 669 ιιι
1057 637 1228 668 summa
1263 622 1499 682 diligentia
1527 625 1576 670 in
1613 623 1762 670 codice
1798 624 2039 671 victoriano
2073 621 2346 673 emendando

392 685 649 741 elaboravit,
679 638 1236 729 Michaelemquarullum
1222 683 1368 750 ipsum
1396 682 1548 728 fuisse.
1607 683 1721 728 Nam
1750 683 1870 728 inter
1896 683 2021 728 Petri
2039 682 2226 730 Candidi
2256 686 2346 731 edi·

390 735 579 797 tionem,
622 742 698 798 qui
727 741 906 799 quidem
934 755 983 785 se
1009 740 1187 785 Marulli
1229 740 1420 784 maxime
1455 741 1642 798 vestigia
1671 741 1887 798 pressisse
1916 741 2114 795 dictitet,
2161 746 2207 786 et
2248 757 2347 788 eam

390 801 574 867 formam
617 757 833 843 lqibrorum
871 799 1236 851 lucretianorum,
1283 811 1419 853 quam
1464 803 1757 843 correctorem
1797 797 1920 842 illum
1966 804 2044 843 aut
2087 800 2348 856 corrigendo

390 857 568 902 verba
554 872 601 901 ιιι
632 856 784 902 codice
812 857 1014 914 primitus
1045 856 1212 912 scripta
1244 859 1322 899 aut
1352 870 1453 904 ιιοιι
1474 857 1733 914 corrigendo
1760 857 2026 901 constituere
2061 856 2266 902 voluisse
2281 860 2347 903 in·

390 916 641 985 telligimuS,
673 915 827 973 paucis
859 914 1122 973 quibusdam
1152 914 1369 970 exceptis,
1401 928 1516 971 quae
1543 914 1744 961 Pontano
1773 914 2012 960 tribuenda
2040 914 2222 970 fuerint,
2251 919 2346 961 tam

389 976 526 1018 mirus
556 978 626 1017 est
656 987 917 1028 consensus,
959 977 1010 1016 ut
1034 976 1113 1015 aut
1141 972 1318 1015 Marulli
1349 973 1676 1041 emendationes
1706 987 1855 1017 omnes
1885 973 2136 1018 admirabili
2164 981 2343 1031 prorsus

389 1032 671 1078 accuratione
701 1033 748 1076 in
777 1032 968 1077 codicem
994 1030 1283 1075 victorianum
1313 1045 1367 1074 ex
1397 1046 1449 1075 eo
1479 1032 1576 1088 ipso
1606 1031 1733 1086 libro,
1765 1046 1852 1088 quo
1875 1030 2099 1076 Candidus
2129 1047 2235 1076 usus
2261 1038 2346 1088 est,

388 1091 707 1160 transscriptas
739 1104 835 1135 esse
867 1089 1208 1147 existimandum
1239 1089 1298 1133 sit
1329 1092 1408 1133 aut
1438 1088 1677 1134 Marullum
1705 1091 1851 1158 ipsum
1880 1103 1962 1134 sua
1990 1105 2125 1135 manu
2154 1091 2370 1160 (ιοᾱιεισιιιιι

387 1150 677 1194 victorianum
707 1149 949 1193 correxisse
988 1147 1168 1192 concedi
1209 1161 1386 1191 necesse
1431 1148 1503 1192 sit
1563 1149 1628 1193 Ac
1670 1148 1794 1204 prius
1835 1147 1943 1192 illud
1980 1163 2032 1194 eo
2074 1149 2215 1193 minus
2254 1150 2347 1194 veri

388 1208 528 1251 simile
571 1211 659 1262 est,
704 1206 821 1263 quod
863 1208 995 1250 etiam
1048 1207 1345 1249 recensionem
1388 1206 1579 1261 priorem
1624 1207 1786 1251 codicis
1830 1206 1945 1259 eius,
1977 1221 2030 1250 ex
2070 1221 2158 1263 quo
2204 1221 2347 1251 emen·

388 1265 590 1310 dationes
648 1264 1093 1314 transscriberentur,
1154 1277 1335 1319 prorsus
1398 1267 1651 1320 congruisse
1701 1264 1943 1309 recensioni
1997 1266 2135 1320 priori
2186 1265 2346 1309 codicis

387 1323 621 1367 victoriani
660 1336 837 1366 necesse
867 1321 997 1366 esset
1057 1322 1170 1364 Nam
1200 1334 1452 1377 quanquam
1483 1323 1675 1366 codicem
1706 1337 1827 1376 eum,
1869 1321 1927 1364 ad
1957 1337 2085 1378 quem
2113 1323 2345 1367 victoriani

387 1381 512 1437 origo
542 1380 773 1424 referenda
805 1384 895 1434 est,
939 1379 1129 1435 Oblongi
1170 1379 1436 1423 simillimum
1466 1380 1601 1424 fuisse
1632 1381 1741 1424 satis
1772 1383 1965 1433 constat,
1996 1381 2157 1424 multas
2197 1384 2346 1424 tamen

386 1439 601 1482 Italorum
631 1438 929 1491 coniecturas,
973 1450 1106 1493 quae
1116 1436 1185 1480 vel
1214 1437 1262 1479 in
1292 1437 1472 1479 Antonii
1503 1437 1633 1481 Marii
1664 1438 1765 1481 Filii
1797 1437 1945 1481 codice
1986 1438 2059 1492 (cf.
2088 1441 2133 1490 5,
2157 1441 2181 1480 2
2212 1440 2346 1481 maie-

385 1497 610 1551 statisque,
647 1498 696 1538 12
719 1497 891 1549 locavit,
929 1498 983 1538 14
1007 1487 1147 1547 Ceres,
1182 1496 1237 1537 30
1258 1494 1539 1550 Stymphala)
1561 1495 1713 1539 aliisve
1734 1495 1949 1538 similibus
1969 1496 2149 1551 originis
2170 1495 2345 1539 italicae

386 1554 448 1613 (5,
474 1556 528 1598 33
561 1553 735 1608 acerba,
766 1551 823 1596 35
856 1566 1087 1598 occeanum
1109 1556 1298 1607 propter
1327 1553 1432 1596 litus
1455 1553 1588 1610 pelay
1589 1556 1688 1608 ique
1717 1567 1898 1605 sonora,
1933 1554 1988 1596 38
2018 1555 2076 1607 si,
2111 1556 2165 1596 67
2212 1558 2344 1597 mate-

384 1615 490 1665 riai,
529 1615 610 1654 121
651 1625 867 1665 sermone,
905 1614 986 1655 142
1023 1611 1183 1666 ylebis,
1215 1612 1302 1653 208
1334 1611 1517 1669 bidenti)
1550 1616 1725 1657 exstare
1755 1589 2045 1667 perhibentur
2073 1611 2142 1654 vel
2170 1610 2217 1654 in
2246 1610 2344 1655 aliis

387 1646 613 1715 codicibus
655 1674 829 1713 exstare
859 1683 947 1713 non
990 1669 1191 1713 videntur
1222 1669 1283 1724 (5,
1319 1670 1374 1710 34
1403 1670 1606 1724 stirpem,
1651 1673 1735 1713 349
1766 1670 1981 1722 videmus,
2026 1672 2113 1712 614
2143 1674 2184 1712 et
2213 1675 2344 1722 recta,

388 1731 474 1771 675
522 1728 758 1784 fulmina),
810 1731 1011 1795 receptas
1056 1740 1153 1771 esse
1203 1740 1292 1770 non
1334 1727 1478 1770 minus
1523 1733 1690 1772 certum
1733 1731 1813 1772 est.
1881 1726 2039 1783 Itaque
2089 1740 2345 1771 consensum

386 1787 512 1829 illum
541 1786 737 1829 iuntinae
767 1791 813 1829 et
841 1785 1073 1829 victoriani
1100 1787 1166 1829 ita
1196 1788 1369 1828 tantum
1399 1785 1617 1842 explicare
1647 1800 1874 1843 possemus
1889 1820 1899 1840 ,
1942 1790 1993 1829 ut
2023 1789 2102 1830 aut
2130 1787 2346 1830 recensio-

391 1860 493 1888 nem
522 1845 751 1888 victoriani
781 1845 975 1899 priorem
1005 1845 1141 1900 priori
1171 1844 1288 1896 eius,
1321 1858 1376 1886 ex
1405 1858 1492 1899 quo
1528 1845 1855 1889 emendationes
1885 1844 2172 1887 marullianae
2202 1850 2346 1887 trans-

390 1903 710 1956 scriberentur,
741 1917 924 1958 prorsus
950 1903 1204 1959 congruisse
1228 1915 1517 1955 sumeremus,
1550 1905 1668 1959 quod
1703 1904 1760 1947 ab
1792 1904 1910 1947 omni
1938 1904 2030 1946 veri
2061 1902 2346 1946 similitudine

390 1961 625 2015 abhorret,
669 1965 746 2004 aut
776 1961 908 2005 etiam
937 1960 1052 2005 hanc
1083 1960 1383 2005 diversitatem
1415 1960 1752 2016 diligentissime
1783 1961 2040 2005 adnotatam
2070 1975 2166 2004 esse
2197 1961 2346 2004 existi-

388 2033 635 2072 maremus,
682 2019 799 2075 quod
838 2033 1020 2075 prorsus
1062 2019 1118 2063 ab
1160 2018 1474 2062 consuetudine
1513 2019 1632 2064 illius
1673 2021 1834 2064 aetatis
1875 2019 2063 2063 alienum
2102 2023 2183 2063 est.
2258 2018 2344 2062 Sed

391 2079 526 2120 etiam
566 2077 655 2119 alio
696 2077 825 2120 modo
865 2078 1160 2120 demonstrari
1197 2081 1345 2132 potest
1360 2110 1369 2128 ,
1428 2077 1512 2120 hoc
1550 2079 1647 2133 ipso
1693 2079 1842 2122 codice
1882 2079 2122 2121 victoriano
2164 2078 2344 2120 Petrum

389 2134 635 2179 Candidum
654 2150 792 2179 <usum
826 2149 922 2179 esse
956 2149 1010 2179 ex
1041 2149 1178 2191 eoque
1205 2134 1384 2177 Marulli
1414 2135 1740 2180 emendationes
1773 2136 2039 2192 cognovisse.

501 2193 615 2237 Sunt
642 2193 769 2246 enim,
801 2207 926 2249 quae,
958 2207 1057 2237 cum
1088 2208 1114 2237 a
1144 2196 1392 2237 correctore
1412 2193 1654 2238 Victoriani
1683 2198 1761 2238 aut
1788 2198 1907 2238 recte
1938 2199 2016 2237 aut
2045 2197 2162 2237 certe
2184 2193 2262 2247 ita,
2294 2197 2344 2236 ut

384 2250 495 2295 bene
524 2251 713 2307 intelligi
750 2252 919 2307 possint
950 2256 994 2296 et
1034 2251 1204 2307 legibus
1244 2258 1524 2295 numerorum
1569 2253 1866 2305 satisfaciant,
1911 2256 2110 2295 correcta
2140 2252 2228 2295 sint
2243 2286 2253 2304 ‚
2291 2251 2340 2293 P.

387 2309 609 2353 Candidus
632 2310 828 2365 recipere
853 2309 931 2352 illa
948 2309 1124 2366 quidem
1153 2309 1342 2353 voluisse
1360 2309 1574 2363 videatur,
1608 2311 1685 2355 sed
1705 2325 1755 2354 re
1786 2310 1936 2367 aliqua
1954 2310 2125 2353 minuta
2144 2308 2343 2365 neglecta

384 2368 450 2409 ita
467 2368 651 2419 dederit,
682 2371 734 2409 ut
762 2371 840 2409 aut
862 2369 1179 2410 sententiarum
1205 2368 1320 2409 ratio
1348 2381 1436 2409 non
1456 2371 1626 2410 constet
1647 2372 1726 2412 aut
1745 2373 1899 2411 contra
1924 2367 2040 2424 leges
2062 2380 2341 2409 numerorum

384 2429 602 2480 peccetur.
665 2424 738 2468 Sic
770 2427 810 2478 5,
832 2427 888 2467 45
920 2440 1018 2468 cum
1047 2426 1091 2469 in
1120 2424 1320 2480 Oblongo
1351 2429 1396 2468 et
1427 2424 1654 2475 Quadrato
1687 2428 1951 2481 cuppedines
1980 2427 2059 2479 sit,
2090 2425 2191 2468 Itali
2221 2426 2342 2478 cupi-

385 2483 522 2536 dinis,
554 2482 591 2527 V
620 2497 688 2539 pr.
719 2497 776 2526 m.
808 2484 1034 2537 cupidines
1061 2482 1247 2535 habent,
1288 2482 1337 2526 P.
1371 2481 1594 2528 Candidus
1626 2486 1853 2539 cupedinis
1882 2484 2071 2537 scripsit,
2103 2482 2180 2526 sed
2205 2496 2266 2525 rc.
2283 2497 2340 2524 m.

383 2541 431 2584 in
446 2540 486 2585 V
497 2544 615 2586 recte
630 2554 720 2586 non
737 2543 912 2585 tantum
929 2540 1103 2586 literam
1116 2541 1134 2585 i
1149 2543 1397 2586 mutaverat
1413 2540 1460 2586 in
1477 2555 1499 2586 e
1518 2544 1562 2587 et
1582 2541 1711 2589 litera
1726 2558 1748 2590 e
1764 2540 1911 2588 deleta
1924 2542 1942 2587 i
1957 2540 2340 2599 superscripserat,

386 2600 465 2642 sed
489 2602 621 2643 etiam
652 2601 840 2643 alteram
856 2615 892 2655 p
913 2601 1156 2654 addiderat,
1189 2601 1308 2656 quod
1325 2600 1379 2642 D
1397 2601 1637 2646 Lambinus
1667 2602 1842 2645 demum
1870 2601 2025 2645 fecisse
2055 2613 2170 2643 nunc
2196 2599 2342 2655 perhi-

383 2657 531 2701 betur
592 2657 799 2704 Similiter
830 2661 880 2713 6,
914 2661 970 2702 25
1009 2660 1235 2714 cupedinis
1265 2658 1539 2713 Quadratus,
1582 2661 1803 2717 cupidinis
1829 2659 1870 2704 V
1898 2672 1966 2716 pr.
1997 2672 2080 2713 m.‚
2114 2657 2341 2712 cupedinis

383 2716 579 2769 iuntina,
612 2718 891 2771 cuppedinis,
924 2716 1043 2772 quod
1074 2718 1206 2758 etiam
1238 2718 1290 2759 in
1321 2716 1520 2772 Oblongo
1552 2723 1642 2772 est,
1689 2723 1810 2762 recte
1840 2719 1880 2761 V
1908 2729 1970 2759 rc.
2001 2730 2058 2759 m.
2118 2714 2264 2758 Etiam
2298 2718 2338 2769 4,

390 2776 505 2816 1090
536 2775 745 2828 capedine
774 2774 958 2827 iuntina,
990 2775 1193 2828 cupidine
1222 2774 1261 2815 V
1289 2789 1355 2829 pr.
1387 2789 1461 2827 m,
1493 2752 1737 2830 cuppedine
1767 2777 1807 2819 V
1824 2790 1885 2818 rc.
1909 2789 1967 2816 m.
2026 2773 2194 2815 Eadem
2224 2774 2338 2815 ratio

385 2834 454 2875 est
491 2834 533 2885 1,
571 2834 698 2874 1080.
729 2857 786 2864 -—
834 2834 883 2884 5,
917 2834 1001 2875 241
1032 2834 1073 2874 V
1101 2847 1168 2887 pr.
1200 2847 1257 2874 m.
1297 2846 1477 2885 corpore
1516 2835 1715 2877 nativum
1757 2832 2014 2877 mortalibus
2057 2845 2146 2874 esse
2182 2832 2340 2885 fiyums

384 2902 484 2933 cum
532 2892 781 2934 correctore
821 2888 1031 2946 Oblongi,
1075 2889 1247 2933 iuntina
1288 2903 1467 2945 corpore
1494 2891 1643 2934 nativo
1682 2889 2000 2935 immortalibus
2039 2902 2129 2932 esse
2165 2889 2336 2945 fiquris,
