2767 3576
422 317 605 358 mamus,
637 305 683 349 in
703 304 956 362 Hieronymi
982 318 1085 351 vero
1105 306 1230 352 codd.
1252 307 1399 352 ABFP
1430 308 1524 364 (AB
1546 310 1838 353 2016—1948
1859 328 1915 346 =
1937 309 1972 353 P
1993 312 2283 357 2015—1947
2306 334 2365 353 =

423 363 460 406 F
492 364 783 407 2014--1946
809 381 868 400 -ε
899 363 977 419 68)
1006 363 1123 409 inter
1152 377 1334 418 annum,
1378 365 1447 409 cui
1476 364 1717 409 incarnatio
1747 365 1908 410 domini
1937 365 2179 423 tribuatur,
2210 374 2257 413 et
2287 382 2365 415 an·

422 434 526 464 num
554 433 678 472 eum,
720 420 778 464 ad
804 433 932 475 quem
961 423 1123 466 natalis
1153 423 1335 478 Vergilii
1364 423 1607 474 referatur,
1650 436 1734 466 non
1764 425 2043 478 septuafflnta
2078 437 2214 469 annos
2227 457 2238 478 ,
2284 429 2364 471 sed

420 476 846 533 duodesoptuaginta
874 476 1089 523 interesse
1103 513 1113 532 ,
1164 479 1302 523 videri
1340 478 1475 534 igitur
1513 479 1871 534 glossographum
1909 479 1979 522 vel
2017 481 2112 524 eius
2142 486 2362 526 auctorem

420 533 570 588 potius
600 533 749 578 codice
778 533 1033 590 Hieronymi
1061 547 1187 581 usum
1217 548 1315 581 esse
1328 569 1340 589 ,
1382 537 1455 590 qui
1484 536 1666 590 pariter·
1680 548 1732 580 ac
1761 536 1797 580 F
1830 539 1941 581 1946
1972 549 2130 582 annum
2167 538 2358 583 natalem

423 590 608 647 Vergilii
621 623 633 644 ‚
679 593 791 651 1922
821 592 1016 636 Lucretii
1055 605 1154 637 esse
1191 593 1402 637 voluisset
1415 626 1426 646 ,
1467 597 1518 637 ut
1544 593 1696 648 viginti
1725 597 1911 649 quatuor
1945 594 2046 638 anxii
2084 595 2360 649 interessent,

426 660 611 703 eumque
641 661 864 692 numerum
894 649 1204 705 glossographo
1233 650 1501 693 reddendum
1531 652 1655 702 esse,
1670 650 1852 703 XXIIII,
1882 663 1962 705 pro
1991 663 2057 703 eo,
2087 652 2202 706 quod
2224 653 2271 695 in
2290 665 2361 697 co-

422 704 519 748 dice
550 708 644 757 est,
689 704 870 748 XXVII.
932 705 1063 750 Suam
1105 707 1159 750 de
1188 720 1299 751 anno
1327 707 1520 751 Lucretii
1560 707 1698 750 natali
1738 707 2028 752 coniecturam
2069 720 2123 751 ea
2153 721 2201 752 re
2241 710 2360 753 nullo

426 762 556 806 modo
576 762 708 816 tangi.
770 761 858 807 Sed
876 763 1234 818 glossographum
1254 764 1323 808 vel
1344 764 1437 808 eius
1467 767 1700 816 auctorem,
1731 765 1816 808 etsi
1846 777 1945 808 eum
1965 763 2215 819 Hieronymi
2247 765 2359 809 libro

424 831 549 863 usum
581 831 679 864 esse
709 819 1005 874 concedimus,
1037 824 1213 876 praeter
1242 834 1341 866 eum
1370 821 1503 865 etiam
1532 821 1620 865 alio
1647 819 1767 865 fonte
1796 833 1922 865 usum
1951 834 2070 875 esse,
2101 826 2147 866 et
2174 822 2359 867 vocabu-

424 877 526 928 lum,
558 877 673 931 quod
702 881 773 920 est
801 877 1056 930 ουκεκῑῶκε,
1087 882 1134 921 et
1163 878 1250 922 alia
1279 878 1490 933 quaedam
1514 878 1675 922 indic-ia
1695 882 1892 933 arguunt.
1951 879 2063 922 Nam
2092 883 2271 934 propter
2301 880 2359 924 si-

422 933 711 976 militudinem
743 935 953 977 sermonis
980 935 1253 990 Hieronymi,
1285 947 1410 990 quem
1432 935 1636 978 Suetonio
1668 934 1935 979 sua‘debere
1967 948 2078 979 nunc
2098 936 2191 979 fere
2210 949 2358 980 omnes

425 990 723 1042 consentiunt,
770 995 816 1034 et
845 991 946 1044 quia
975 991 1029 1034 de
1060 992 1146 1034 alio
1176 992 1296 1035 fonte
1312 1025 1322 1044 ,
1366 1005 1419 1034 ex
1461 1005 1544 1045 quo
1574 992 1628 1034 de
1659 992 1884 1034 literarum
1914 992 2147 1036 latinarum
2175 993 2360 1037 historia

422 1057 534 1100 quae
565 1046 681 1101 apud
710 1049 976 1101 posteriores
1006 1048 1239 1093 tradantur
1266 1048 1335 1092 vel
1364 1048 1522 1092 hausta
1548 1048 1636 1092 sint
1664 1048 1733 1092 vel
1761 1048 1927 1091 hauriri
1956 1050 2178 1103 potuerint
2191 1083 2201 1101 ,
2251 1049 2358 1093 nihil

424 1107 610 1156 constat,
641 1117 727 1147 non
747 1103 1000 1148 incredibile
1029 1117 1127 1149 esse
1157 1105 1492 1149 existimaverim
1521 1106 1684 1148 fontem
1712 1105 1834 1148 illum
1853 1106 2155 1160 glossographi
2174 1108 2358 1153 alterum

423 1160 618 1205 Suetonii
656 1161 815 1205 librum
859 1160 1016 1215 fuisse,
1071 1175 1315 1218 quanquam
1360 1163 1507 1218 plures
1550 1162 1829 1207 derivationis
1873 1162 2034 1217 gradus
2078 1164 2358 1218 interpositos

423 1219 559 1261 fuisse
602 1218 729 1262 facile
771 1220 971 1262 concedo.
1042 1220 1251 1263 Consules
1288 1221 1423 1275 igitur
1461 1220 1548 1272 illi,
1595 1231 1774 1275 quorum
1808 1219 1981 1264 nomina
2021 1232 2102 1275 per
2139 1221 2357 1277 negligen-

425 1277 533 1318 tiam
563 1276 688 1319 nobis
717 1277 1055 1330 ingratissimam
1086 1278 1249 1329 omisit,
1280 1276 1365 1319 fide
1395 1277 1589 1320 Suetonii
1611 1278 1699 1318 niti
1727 1278 1951 1319 videntur:
1982 1290 2082 1319 nam
2108 1278 2358 1321 Suetonium

426 1332 544 1376 haud
573 1346 673 1376 raro
704 1334 926 1377 consulum
957 1333 1198 1377 nominibus
1226 1347 1351 1377 usum
1382 1347 1492 1385 esse,
1524 1338 1573 1377 ut
1602 1347 1738 1376 annos
1767 1333 2000 1386 indicaret,
2031 1335 2146 1377 vitae
2177 1335 2358 1389 Vergilii

421 1391 485 1445 (p.
521 1393 588 1432 54.
623 1394 690 1433 55.
723 1390 813 1445 63),
845 1390 1038 1434 Terentii
1070 1391 1130 1445 (p.
1150 1391 1238 1445 32),
1268 1391 1387 1434 Accii
1418 1392 1478 1445 (p.
1503 1391 1591 1445 36),
1622 1390 1794 1433 Horatii
1825 1391 1884 1445 (p.
1908 1390 1997 1444 48),
2029 1391 2168 1434 Persii
2198 1392 2258 1446 (p.
2283 1392 2357 1445 72)

423 1447 670 1491 ostendunt.
733 1447 916 1498 Quinam
945 1460 1047 1490 vero
1077 1448 1142 1490 illi
1173 1448 1371 1491 consules
1400 1447 1575 1499 fuerint,
1605 1446 1793 1490 fortasse
1814 1448 1878 1490 ita
1897 1448 1989 1490 erui
2010 1451 2168 1501 potest.
2230 1449 2357 1492 Glos-

422 1504 666 1559 sographus
695 1504 749 1547 de
780 1504 973 1559 Vergilio
1001 1505 1110 1548 haec
1151 1504 1309 1548 habet:
1362 1505 1572 1560 Viryilius
1612 1509 1740 1546 natus
1780 1508 1845 1546 est
1882 1510 1980 1546 ante
2022 1506 2358 1548 incarnationem

422 1562 499 1605 dili
534 1576 544 1585 ·
575 1566 675 1604 anfi.
705 1573 715 1584 ·
734 1561 879 1605 LXX
900 1576 910 1586 ·
940 1563 1125 1605 moritur
1164 1575 1276 1605 anno
1308 1575 1317 1585 ·
1344 1561 1491 1604 XVII
1511 1575 1520 1584 ·
1569 1561 1853 1616 Septuaginta
1895 1562 1993 1604 anni
2008 1595 2018 1613 ,
2062 1562 2099 1605 si
2139 1562 2358 1616 sequimur

422 1631 625 1663 numeros
654 1619 917 1674 Hieronymi,
949 1632 1034 1662 non
1064 1620 1301 1671 intersunt,
1332 1620 1415 1663 nisi
1445 1632 1540 1663 cum
1571 1618 1694 1661 codd.
1726 1619 1800 1661 AB
1831 1619 2167 1662 incarnationem
2198 1620 2357 1663 domini

423 1676 481 1719 ad
511 1689 550 1719 a.
584 1679 722 1727 2016,
765 1676 948 1730 Vergilii
977 1677 1146 1719 natales
1178 1689 1272 1719 cum
1304 1676 1396 1718 cod.
1427 1676 1461 1718 F
1494 1676 1549 1718 ad
1580 1688 1617 1718 a.
1655 1679 1764 1717 1'946
1796 1674 2044 1726 referimus,
2085 1676 2198 1729 quod
2230 1688 2357 1730 quam

421 1745 575 1785 parum
603 1733 836 1774 verisimile
867 1733 947 1784 sit,
987 1745 1072 1774 non
1102 1746 1210 1785 opus
1241 1737 1309 1774 est
1344 1733 1588 1774 accuratius
1619 1732 1927 1783 demonstrari,
1973 1733 2231 1784 praesertim
2261 1745 2357 1774 cum

423 1789 538 1831 alter
565 1801 770 1831 numerus
801 1789 1093 1842 septendecim
1135 1802 1343 1832 annorum
1383 1789 1609 1831 conveniat
1649 1789 1838 1830 numeris
1869 1788 2063 1830 codicum
2096 1789 2169 1830 AB
2201 1789 2355 1830 Hiero-

422 1846 553 1901 nymi,
597 1846 668 1900 qui
700 1859 738 1890 a.
772 1849 884 1889 2016
916 1847 1269 1899 incarnationem,
1300 1846 1481 1900 Vergilii
1510 1849 1693 1889 mortem
1723 1859 1761 1888 a.
1795 1848 1905 1888 1999
1939 1846 2133 1889 evenisse
2163 1846 2354 1889 tradunt.

422 1904 494 1947 Illi
524 1916 627 1948 vero
658 1905 757 1947 anni
790 1908 844 1947 70
877 1908 1098 1957 constant,
1134 1905 1171 1948 si
1202 1904 1340 1948 fastos
1371 1904 1618 1948 consulares
1650 1903 1886 1957 sequimur:
1931 1915 2028 1947 nam
2058 1903 2172 1947 inter
2201 1916 2239 1947 a.
2273 1907 2357 1946 754

422 1963 728 2004 varronianum
757 1961 812 2004 ab
843 1975 884 2005 u.
917 1975 967 2014 c.,
1001 1976 1027 2005 a
1057 1975 1141 2017 quo
1172 1962 1342 2004 detrahi
1375 1963 1517 2005 solent
1547 1962 1712 2004 numeri
1743 1973 1950 2003 annorum
1980 1961 2194 2015 priorum,
2241 1965 2286 2003 et
2316 1974 2354 2004 a.

425 2023 526 2070 684,
560 2032 644 2072 quo
665 2020 882 2073 Vergilius
912 2024 1041 2062 natus
1070 2033 1166 2062 esse
1197 2019 1461 2073 perhibetur,
1496 2023 1550 2059 70
1581 2020 1808 2069 intersunt,
1840 2031 1934 2060 cum
1955 2019 1999 2059 in
2019 2019 2158 2060 altero
2180 2031 2356 2060 numero

432 2081 483 2118 17
516 2089 724 2119 annorum
755 2077 1091 2131 glossographus
1122 2090 1226 2120 sane
1257 2077 1563 2130 Hieronymum
1594 2080 1768 2117 secutus
1799 2087 1895 2117 esse
1927 2075 2132 2118 dicendus
2164 2076 2242 2127 sit,
2274 2076 2356 2118 nisi

421 2133 591 2175 XVIIII
622 2146 718 2176 eum
750 2134 922 2177 dedisse
955 2147 1124 2177 sumere
1154 2135 1342 2176 volueris
1386 2135 1606 2188 (754—19
1640 2152 1695 2167 =
1728 2134 1856 2185 735),
1904 2132 2015 2185 quod
2060 2145 2138 2185 ego
2185 2133 2356 2185 quidem

423 2190 720 2243 praetulerim.
782 2191 873 2233 Iam
903 2192 940 2233 si
972 2191 1027 2233 ab
1060 2204 1098 2233 a.
1132 2195 1216 2234 684
1248 2204 1381 2233 annos
1413 2193 1467 2231 24
1500 2189 1788 2239 detrahimus,
1821 2190 2068 2231 devenimus
2100 2189 2156 2231 ad
2187 2203 2223 2231 a.
2258 2193 2356 2240 660,

425 2259 510 2299 quo
541 2247 789 2290 Lucretium
820 2251 969 2291 natum
1000 2260 1097 2290 esse
1128 2247 1415 2301 Hieronymus
1445 2246 1641 2288 tradidit.
1714 2245 1824 2287 Nam
1854 2245 1966 2287 hunc
1996 2258 2239 2296 munerum,
2285 2246 2358 2298 qui

425 2308 494 2346 est
524 2304 718 2355 XXIIII,
766 2308 869 2357 puto
900 2317 1004 2348 sane
1035 2304 1277 2348 Usenerum
1306 2308 1425 2347 recte
1456 2303 1571 2357 apud
1601 2302 1955 2356 glossographum
1995 2303 2239 2345 restituisse
2281 2303 2356 2356 (23

424 2373 465 2413 p.
485 2362 603 2414 680),
637 2373 733 2403 cum
763 2362 876 2414 quod
908 2363 951 2404 in
983 2363 1130 2404 codice
1163 2366 1243 2413 est,
1274 2361 1452 2412 XXVII,
1485 2372 1652 2413 quoquo
1683 2359 1809 2401 modo
1839 2360 2051 2402 rationem
2081 2360 2241 2411 inieris,
2273 2372 2357 2401 non

430 2419 668 2460 conveniat.
732 2418 958 2471 Sequitur,
998 2423 1048 2462 ut
1078 2431 1288 2461 consensu
1318 2418 1584 2471 Hieronymi,
1630 2417 1815 2467 Donati,
1861 2416 2159 2470 glossographi
2188 2417 2358 2458 natales

424 2475 614 2518 Lucretii
646 2475 702 2518 ad
734 2488 772 2518 a.
806 2479 904 2527 660,
945 2489 1028 2529 quo
1061 2477 1106 2519 C.
1131 2477 1303 2519 Coelius
1336 2475 1496 2518 Caldus
1526 2475 1574 2516 L.
1608 2474 1821 2515 Domitius
1852 2473 2163 2516 Ahenobarbus
2204 2486 2356 2516 consu-

430 2533 493 2575 les
524 2532 712 2584 fuerunt,
745 2531 963 2576 referendi
994 2534 1093 2576 sint.
1155 2533 1304 2587 Neque
1327 2533 1509 2576 Useneri
1540 2532 1827 2573 coniecturam
1849 2530 2006 2574 similia
2027 2531 2073 2573 C.
2095 2530 2358 2573 Lachmanni

424 2593 471 2631 et
501 2590 557 2631 M.
591 2590 771 2644 Hauptii
801 2591 977 2634 inventa
1008 2591 1116 2634 satis
1145 2594 1334 2634 tuentur.
1404 2590 1513 2632 Nam
1545 2588 1743 2631 consules
1774 2600 1812 2631 a.
1847 2591 1929 2630 666
1961 2600 2002 2630 u.
2036 2600 2085 2639 c.,
2118 2588 2194 2630 Cn.
2228 2587 2357 2630 Octa-

426 2647 539 2688 vium
572 2647 647 2689 Cn.
679 2648 726 2688 F.
759 2649 807 2689 L.
841 2648 1087 2690 Cornelium
1115 2648 1307 2699 Cinnam,
1340 2647 1493 2702 quibus
1522 2646 1807 2700 Hieronymus
1840 2646 2055 2687 Catullum
2085 2649 2233 2686 natum
2265 2656 2361 2686 esse

422 2703 634 2756 perhibet,
667 2709 712 2747 et
742 2719 780 2747 a.
804 2709 904 2756 677,
938 2706 1012 2747 Οῃ.
1031 2706 1255 2747 Octavium
1286 2706 1343 2746 M.
1366 2706 1413 2746 F.
1436 2705 1482 2746 C.
1506 2703 1774 2746 Scribonium
1806 2703 2046 2753 Curionem,
2080 2701 2235 2755 quibus
2257 2714 2353 2743 eum

423 2764 572 2804 natum
603 2773 699 2804 esse
729 2762 1031 2805 Lachmannus
1061 2762 1275 2805 intellexit
1306 2762 1382 2815 (M.
1415 2760 1595 2813 Hauptii
1625 2762 1790 2813 quaest.
1823 2759 1969 2802 catull.
2002 2771 2042 2811 p.
2063 2761 2113 2800 15
2129 2776 2183 2792 =
2200 2757 2355 2811 Opusc.

428 2821 446 2858 1
483 2831 525 2870 p.
547 2818 632 2872 12),
664 2818 819 2861 deinde
851 2819 1051 2861 consules
1081 2832 1119 2860 a.
1156 2823 1265 2869 606,
1313 2819 1384 2872 Sp.
1417 2817 1683 2859 Postumium
1714 2815 1915 2858 Albinum
1948 2816 2150 2868 Magnum
2179 2815 2227 2855 L.
2261 2814 2358 2856 Cal-

425 2874 623 2927 purnium
656 2876 702 2917 C.
725 2876 772 2917 F.
796 2877 842 2918 C.
865 2876 918 2917 N.
941 2877 1141 2918 Pisonem
1175 2876 1441 2924 Caesonium,
1474 2872 1628 2927 quibus
1655 2873 1942 2924 Hieronymus
1972 2871 2181 2913 Lucilium
2211 2874 2361 2913 natum
