2767 3576
1393 182 1426 228 4

438 321 520 351 suo
550 303 991 361 accepitwaomillis
1019 303 1263 346 consulibus
1292 304 1448 346 iterum
1475 303 1938 357 duobusqua'busorat
1973 309 2129 358 nam,
2169 309 2391 363 evenitque

438 368 488 407 ut
517 377 563 407 eo
592 364 689 417 ipso
717 362 790 405 dio
806 361 1040 404 Lueretius
1063 363 1193 414 poeta
1218 361 1447 404 decederet.
1511 360 1724 403 Ormoom
1739 359 2036 407 Medianum
2054 365 2101 405 et
2127 362 2230 408 ude
2247 365 2390 418 paulo

436 424 539 474 poet
568 419 746 463 transiit
774 420 825 462 in
854 417 1013 460 urbem.
1087 417 1249 460 Natum
1291 429 1394 460 vero
1424 417 1663 471 Vergilium
1694 416 1770 460 Cn.
1801 417 2007 471 Pompeio
2036 418 2195 473 Magno
2224 419 2283 462 M.
2314 421 2389 463 Li·

442 477 558 521 cinio
589 476 752 522 Crasso
783 487 896 527 esse,
940 474 984 518 h.
1016 487 1054 517 e.
1087 486 1199 517 anno
1228 486 1270 518 ιι.
1303 486 1339 517 c.
1372 477 1472 526 684,
1502 473 1700 517 Donatus
1730 473 1759 516 l.
1791 472 1832 516 d.
1863 486 1905 527 p.
1939 478 1996 517 54
2025 477 2072 518 et
2101 475 2391 530 Hieronymus

443 534 558 588 (cod.
590 532 645 587 P)
694 533 751 576 ad
793 545 832 575 a.
868 534 980 574 1948
1022 531 1099 586 (=
1130 530 1197 573 Ol.
1233 533 1329 582 177,
1364 533 1388 573 3
1420 549 1476 566 =
1510 533 1596 573 684
1625 542 1667 573 u.
1700 542 1735 573 c.
1767 549 1824 567 =
1858 534 1913 573 70
1944 543 1982 573 a.
2015 530 2137 586 Chr.)
2178 531 2387 576 referunt.

443 590 638 633 Eosdem
670 589 869 632 consules
898 588 1059 631 iterum
1100 587 1234 631 fuisse
1274 599 1313 629 a.
1347 589 1431 629 699
1479 587 1555 642 (ει
1583 586 1653 629 01.
1689 590 1786 638 181,
1817 589 1843 629 2
1874 605 1932 623 =
1964 591 2018 629 55
2050 599 2089 630 a.
2122 588 2245 642 Chr.)
2283 587 2388 632 fasti

445 647 619 690 docent.
681 644 934 689 Lucretium
962 644 1097 699 igitur
1127 656 1166 686 a.
1199 646 1284 686 699
1314 646 1531 687 mortuum
1570 654 1668 686 esse
1696 642 1895 687 Donatus
1931 642 2168 688 tradidisse
2210 657 2389 689 censen-

450 704 532 747 dus
565 707 648 755 est,
680 714 779 745 nam
811 701 926 755 quod
956 700 1207 756 Hieronymi
1239 700 1410 743 codices
1440 700 1484 742 in
1516 712 1724 743 annorum
1753 700 1988 754 notatione,
2020 700 2077 744 ad
2106 710 2215 757 quos
2244 701 2389 758 Virgi-

450 761 555 804 lium
585 764 734 803 natum
766 771 864 802 esse
894 762 940 801 et
969 758 1137 801 virilem
1165 761 1311 811 togam
1343 758 1549 800 sumsisse
1581 757 1657 811 (ad
1686 771 1725 800 a.
1761 760 1872 799 1963
1903 759 1971 800 vel
2006 762 2137 812 1964)
2173 760 2389 811 retulerit,

448 829 532 861 non
561 828 742 872 prorsus
773 816 891 859 inter
919 827 968 859 se
999 814 1295 866 consentiunt,
1335 813 1407 857 hic
1436 826 1522 858 non
1553 818 1622 858 est
1652 826 1760 868 opus
1791 815 2035 858 accuratius
2065 816 2233 869 exponi.
2309 816 2386 859 Se-

479 875 619 926 uitur,
661 878 713 917 ut
742 874 850 917 haec
880 872 1129 916 testimonia
1158 883 1243 914 non
1273 872 1389 914 inter
1418 884 1466 915 se
1497 872 1776 915 conveniant:
1818 884 1919 915 nam
1960 873 2033 926 qui
2072 885 2110 916 a.
2144 875 2229 916 660
2259 876 2389 916 natus

501 932 547 982 ἰ,
591 944 631 974 a.
665 934 750 973 699
803 929 1205 983 undequadraginta
1247 941 1383 972 annos
1424 928 1717 983 compleverat
1730 962 1740 981 ,
1796 928 2171 983 quadragesimum
2214 928 2386 984 agebat,

452 1001 548 1031 cum
579 988 869 1041 Hieronymus
899 998 996 1029 eum
1027 985 1316 1039 quadraginta
1346 990 1532 1039 quatuor
1562 999 1698 1029 annos
1727 989 1875 1029 natum
1904 990 2087 1029 mortem
2108 986 2268 1030 obiisse
2288 999 2387 1040 per-

455 1043 618 1088 hibeat.
680 1044 774 1088 Has
803 1043 996 1087 rationes
1026 1042 1102 1085 alii
1131 1041 1218 1085 alio
1246 1042 1374 1085 modo
1404 1046 1561 1096 putare
1598 1043 1741 1086 conati
1780 1046 1893 1086 sunt.
1953 1043 2255 1087 Lachmannus
2294 1043 2388 1097 qni-

454 1101 552 1145 dem
596 1102 673 1156 (ad
693 1101 867 1144 Lucret.
889 1113 930 1154 p.
953 1098 1028 1153 62)
1060 1099 1216 1152 Angeli
1245 1098 1335 1143 Mai
1365 1099 1600 1143 editionem
1630 1104 1804 1143 secutus
1834 1099 2026 1143 Lucretii
2054 1099 2169 1143 diem
2198 1101 2388 1144 natalem

454 1157 509 1201 ab
540 1158 804 1212 Hieronymo
843 1160 962 1199 recte
1002 1156 1058 1199 ad
1098 1159 1255 1198 annum·
1287 1155 1522 1199 Abrahami
1556 1159 1667 1200 1918
1699 1175 1755 1193 =
1787 1159 1871 1199 655
1901 1169 1942 1199 u.
1975 1169 2011 1199 c.
2042 1155 2198 1200 referri
2240 1157 2388 1200 existi-

452 1219 544 1257 mat
557 1247 567 1265 ‚
612 1216 675 1257 ita
705 1219 754 1257 ut
785 1227 824 1256 a.
856 1217 940 1255 699
972 1225 1129 1255 annum
1161 1213 1321 1254 aetatis
1352 1213 1727 1267 quadragesimum
1758 1216 1958 1266 quartum
1988 1214 2238 1267 expleverit.
2309 1214 2389 1256 At-

454 1284 536 1325 que
572 1272 722 1315 multis
753 1270 1017 1313 Lachmanni
1048 1269 1266 1312 sententia
1296 1282 1399 1312 vera
1429 1282 1526 1312 esse
1555 1270 1650 1312 visa
1680 1274 1760 1312 est.
1833 1270 1955 1313 Nunc
1985 1270 2234 1325 Hieronymi
2265 1269 2390 1314 libris

454 1327 510 1371 ab
540 1330 591 1371 A.
625 1328 817 1372 Schoene
848 1327 1173 1370 accuratissime
1209 1327 1380 1369 collatis
1410 1330 1583 1369 constat
1621 1327 1811 1370 numeris
1850 1327 2053 1370 editionis
2082 1328 2132 1370 A.
2165 1327 2253 1371 Mai
2282 1327 2390 1370 nihil

456 1384 557 1428 fidei
589 1384 865 1428 tribuendum
893 1396 1004 1427 esse.
1067 1384 1163 1426 Alio
1194 1396 1295 1426 vero
1326 1384 1452 1426 modo
1484 1383 1748 1427 Lachmanni
1777 1384 2036 1428 sententiam
2067 1385 2222 1427 leviter
2249 1388 2389 1428 muta·

454 1447 545 1485 tam
576 1442 631 1485 H.
663 1442 834 1485 Usener
862 1442 891 1483 l.
924 1441 964 1484 d.
997 1441 1182 1494 probare
1212 1441 1391 1483 studuit.
1468 1441 1700 1484 Consulum
1743 1442 1856 1484 enim
1888 1455 1937 1486 .a.
1970 1445 2056 1484 660
2086 1445 2132 1484 et
2162 1445 2246 1485 656
2277 1454 2319 1485 u.
2352 1454 2387 1485 c.

454 1501 629 1543 nomina
660 1499 819 1543 similia
850 1497 905 1542 ab
936 1498 1196 1553 Hieronymo
1228 1498 1407 1542 confusa
1437 1511 1534 1542 esse
1565 1502 1712 1553 putat,
1756 1500 1818 1542 ita
1847 1503 1897 1542 ut
1926 1512 2004 1553 pro
2037 1499 2086 1550 Q.
2119 1499 2307 1543 Caecilio
2338 1499 2389 1550 Q.

455 1557 503 1599 F.
538 1557 586 1607 Q.
618 1557 671 1599 N.
704 1556 882 1599 Metello
913 1556 1082 1609 Nepote
1114 1556 1161 1597 T.
1193 1556 1322 1597 Didio
1355 1556 1402 1597 T.
1434 1556 1481 1597 F.
1516 1556 1612 1598 Sex.
1644 1556 1696 1598 N.
1739 1555 1985 1599 consulibus
2016 1570 2053 1599 a.
2088 1560 2171 1599 656
2204 1557 2249 1599 C.
2283 1556 2390 1600 Coe-

455 1614 560 1657 lium
594 1614 640 1656 C.
673 1614 720 1655 F.
754 1613 935 1656 Caldum
974 1613 1022 1655 L.
1064 1612 1299 1655 Domitium
1341 1612 1415 1655 Cn.
1448 1612 1495 1654 F.
1529 1612 1604 1655 Cn.
1637 1612 1688 1655 N.
1732 1612 2064 1656 Ahenobarbum
2107 1614 2305 1656 consules
2350 1626 2389 1656 a.

457 1674 542 1713 660
564 1683 639 1713 eos
660 1671 794 1713 fuisse
816 1670 926 1713 falso
949 1671 1211 1724 opinaretur,
1238 1682 1418 1722 quorum
1439 1682 1550 1712 anno
1566 1671 1794 1713 Lucretius
1815 1674 1943 1713 natus
1964 1675 2094 1713 esset.
2146 1671 2239 1713 Hac
2260 1671 2393 1724 igitur

460 1728 645 1771 Useneri
677 1729 925 1770 coniectura
954 1727 1201 1769 Lucretium
1238 1739 1275 1769 a.
1310 1730 1393 1769 656
1425 1731 1597 1778 natum,
1645 1740 1683 1770 a.
1717 1731 1800 1769 699
1844 1731 2060 1770 mortuum
2104 1740 2200 1771 esse
2243 1728 2392 1771 existi-

458 1786 619 1828 mantis
650 1784 862 1836 efficitur,
907 1788 956 1827 ut
985 1785 1183 1826 Donatus
1225 1797 1328 1826 vera
1358 1785 1602 1827 narraverit
1630 1789 1675 1827 et
1714 1797 1890 1828 annum·
1916 1785 2074 1828 aetatis
2105 1785 2394 1840 Hieronymus

459 1846 579 1885 recte
611 1842 868 1893 tradiderit,
910 1842 986 1884 sed
1015 1854 1173 1887 annum
1204 1854 1288 1895 quo
1318 1845 1446 1884 natus
1477 1846 1596 1884 esset
1626 1843 1737 1885 falso
1775 1842 2043 1885 indicaverit.
2115 1842 2250 1893 Quam
2293 1855 2392 1885 con-

457 1901 665 1942 iecturam
707 1912 803 1941 cum
834 1899 886 1941 G.
918 1898 1171 1951 Bernhardy
1199 1899 1300 1940 hist.
1333 1898 1397 1940 lit.
1429 1911 1534 1940 rom.
1567 1900 1603 1952 ξ.
1637 1903 1691 1941 86
1724 1899 1822 1941 adn.
1855 1903 1936 1941 397
1978 1898 2248 1953 probaverit,
2294 1900 2391 1942 Fri-

459 1957 632 2000 dericus
653 1957 773 1999 Polle
805 1956 1037 2011 (Philologi
1058 1956 1140 1998 vol.
1170 1959 1223 1997 26
1257 1969 1297 2009 p.
1318 1960 1401 1997 560
1428 1957 1540 2010 sqq.)
1573 1957 1849 2010 impugnavit,
1894 1957 1966 2010 qui
1996 1957 2081 2000 iam
2112 1961 2241 2000 antea
2272 1957 2392 2009 (Phi-

462 2015 594 2067 lologi
625 2015 706 2056 vol.
742 2017 794 2056 25
827 2027 867 2067 p.
901 2017 985 2055 499
1018 2014 1130 2067 sqq.)
1175 2012 1229 2055 ab
1260 2013 1521 2067 Hieronymo
1563 2017 1607 2055 et
1638 2026 1793 2057 annum
1824 2014 2013 2056 natalem
2044 2018 2089 2057 et
2120 2014 2277 2057 aetatis
2317 2027 2393 2057 an-

457 2084 572 2122 num,
605 2084 688 2123 quo
719 2075 915 2113 mortuus
946 2075 1075 2120 esset,
1108 2074 1225 2111 recte
1256 2070 1489 2112 indicatum
1521 2083 1618 2112 esse
1650 2071 1842 2121 dixerat,
1875 2071 2045 2112 Donato
2076 2070 2203 2113 fidem
2233 2070 2395 2113 haben·

462 2129 562 2170 dam
593 2140 691 2170 esse
723 2131 969 2180 negaverat.
1043 2127 1194 2179 Itaque
1235 2127 1271 2169 si
1303 2127 1383 2169 hoc
1415 2126 1645 2179 probamus
1687 2131 1860 2180 poetam
1892 2140 1929 2169 a.
1962 2140 2002 2169 ιι.
2036 2140 2070 2169 c.
2104 2131 2189 2169 660
2231 2131 2393 2179 natum,

459 2189 675 2227 mortuum
708 2197 803 2226 esse
847 2198 884 2226 a.
920 2188 1003 2226 704
1036 2184 1365 2226 existimandum
1397 2188 1477 2225 est.
1555 2185 1855 2227 Coniecturam
1898 2185 2010 2226 enim
2047 2185 2249 2238 opposuit
2293 2197 2393 2227 con-

462 2243 670 2293 iecturae,
704 2246 753 2283 ut
774 2254 869 2284 cum
890 2246 1048 2283 testem
1080 2237 1277 2291 alterum,
1311 2241 1377 2283 cui
1409 2240 1535 2284 fidem
1570 2241 1868 2284 Lachmannus
1900 2245 1944 2283 et
1973 2242 2142 2284 Usener
2162 2242 2397 2296 derogave-

463 2304 587 2350 rant,
641 2298 819 2352 probet,
871 2299 1077 2349 alterum,
1130 2298 1196 2340 cui
1228 2298 1292 2339 illi
1324 2297 1450 2340 fidem
1483 2298 1748 2350 habuerant,
1801 2299 1901 2341 falsi
1945 2300 2180 2341 testimonii
2227 2303 2394 2353 arguat.

463 2356 767 2407 Quam-endum
799 2356 931 2410 igitur
961 2360 1049 2407 est,
1083 2368 1182 2398 num
1214 2355 1286 2408 qui
1318 2360 1570 2408 argumenta
1602 2356 1783 2398 inveniri
1814 2356 2003 2409 possint,
2048 2369 2157 2409 quae
2189 2357 2256 2399 vel
2287 2357 2396 2399 alte-

460 2426 552 2456 ram
576 2414 869 2456 coniecturam
889 2413 979 2455 veri
1002 2413 1251 2455 similiorem
1282 2412 1349 2454 vel
1381 2417 1578 2455 neutram
1608 2413 1875 2466 probabilem
1905 2426 2002 2456 esse
2035 2414 2279 2456 ostendant.
2334 2414 2396 2455 Ac

461 2472 643 2524 primum
675 2471 848 2524 quidem
880 2483 988 2523 quae
1020 2471 1216 2512 Donatus
1243 2474 1393 2512 narrat
1424 2471 1524 2523 quin
1557 2470 1612 2512 ad
1645 2471 1894 2513 Suetonium
1925 2470 2153 2513 referenda
2184 2471 2283 2521 sint,
2316 2470 2394 2513 du-

464 2527 596 2570 bitari
628 2541 712 2569 non
744 2532 902 2580 potest.
964 2528 1073 2569 Nam
1105 2539 1215 2580 quae
1247 2527 1534 2580 Hieronymus
1566 2527 1620 2569 ad
1661 2540 1698 2569 a.
1736 2531 1846 2569 1964
1888 2528 2132 2569 adnotavit:
2184 2527 2396 2580 Veryilius

466 2588 632 2637 sumpta
663 2589 762 2639 toya
793 2584 1111 2627 Mediolanimn
1142 2584 1459 2636 transqreditur
1489 2588 1529 2625 et
1564 2588 1666 2636 post
1706 2585 1823 2626 breve
1855 2588 2016 2637 tempus
2047 2585 2227 2626 Romam
2252 2585 2399 2637 peryit

464 2646 553 2685 tam
586 2642 743 2685 similia
775 2645 877 2684 sunt
907 2655 1067 2693 eorum,
1101 2654 1210 2695 quae
1232 2641 1429 2683 Donatus
1459 2640 1604 2693 habet,
1635 2646 1685 2684 ut
1714 2655 1765 2684 ex
1797 2642 1947 2685 eodem
1978 2642 2098 2685 fonte
2122 2642 2279 2684 hausta
2300 2653 2397 2684 esse

466 2704 687 2753 appareat.
761 2700 910 2753 Neque
943 2700 985 2741 in
1017 2700 1107 2741 vita
1137 2699 1340 2749 Vergilii,
1387 2699 1537 2741 recisis
1567 2700 1653 2750 εἰς,
1687 2712 1796 2752 quae
1828 2700 1871 2741 in
1902 2698 2120 2742 codicibus
2150 2698 2398 2751 antiquissi-

463 2758 543 2798 mis
574 2769 658 2798 non
687 2757 926 2807 habentur,
959 2757 1094 2806 inest,
1131 2756 1243 2808 quod
1276 2756 1478 2797 Suetonio
1510 2756 1728 2810 indignum
1761 2769 1857 2798 esse
1887 2758 1981 2798 iure
2013 2756 2203 2806 dicatur,
2249 2758 2399 2797 contra

462 2814 677 2866 permulta
699 2817 813 2865 sunt,
845 2827 956 2867 quae
986 2812 1089 2866 fingi
1120 2825 1204 2854 non
1234 2813 1452 2865 potuisse,
1485 2814 1561 2856 sed
1584 2814 1771 2867 speciem
1793 2813 1991 2856 veritatis
2012 2812 2273 2854 luculentam
2293 2824 2398 2865 prae

462 2883 510 2913 se
533 2870 646 2915 ferre
673 2871 913 2914 videantur.
976 2870 1099 2921 Quod
1130 2882 1231 2913 vero
1263 2869 1413 2912 eodem
1444 2870 1514 2913 die
1536 2870 1752 2925 Vergilius
1773 2871 1941 2913 virilem
1962 2874 2106 2923 togam
2129 2870 2333 2912 sumsisse
2355 2873 2400 2912 et
