2767 3576
1368 188 1395 238 6

401 308 560 365 aperta
588 303 678 348 alii.
736 301 951 347 Marullus
991 315 1072 359 per
1114 304 1301 359 operta?
1337 303 1388 348 P.
1419 303 1468 348 O.
1560 318 1609 348 er
1645 317 1758 348 rara
1785 303 1922 361 Vpr.
1952 318 2036 361 m„
2068 321 2158 363 per
2197 313 2352 366 operta

400 377 464 408 rc.
493 378 551 408 ιιι.
587 387 638 397 -—
671 364 771 405 544.
803 360 957 405 ‘Terra
986 373 1175 417 superne
1204 362 1366 407 tremit.
1428 361 1502 406 Sic
1521 319 1754 407 furanus-
1785 362 1984 419 agnoscit
2023 369 2229 422 correpta
2264 367 2352 425 uti-

402 436 489 480 que
516 434 573 467 ne
652 474 655 477 ,
713 419 796 473 ba,
841 418 970 463 sicuti
998 417 1108 463 alibi
1144 418 1341 464 inferne!
1370 420 1421 465 P.
1452 419 1501 465 G.
1560 425 1748 477 superne
1775 419 1834 474 V,
1864 420 1912 472 in
1940 432 2052 479 iuga
2092 424 2296 479 ‘superne
2325 438 2351 469 e

401 480 549 526 brevi?
646 479 757 523 tiam
787 477 845 522 ad
873 492 913 522 v.
936 479 1045 531 187,
1072 477 1120 522 in
1150 491 1237 535 qno
1265 493 1397 524 versu
1426 493 1525 524 cum
1554 493 1583 524 a
1611 493 1678 537 pr.
1709 493 1767 525 m.
1797 479 1975 536 inferna
2002 480 2216 539 scriptum
2244 481 2351 528 fuis-

403 543 485 593 set,
515 551 577 582 rc.
606 551 666 581 m.
698 538 869 593 inferne
899 535 1150 591 substituit,
1180 536 1227 580 in
1254 551 1341 595 mg.
1372 537 1632 583 adnotatum
1661 541 1751 582 est:
1791 537 1974 583 ‘inferne
2003 538 2159 584 ultima
2185 539 2349 595 brevi’.,

402 596 562 643 deinde
591 596 648 640 ad
679 610 718 640 v.
750 598 859 640 597:
888 599 1001 640 tecta
1027 608 1216 652 superne
1245 597 1406 652 timent,
1438 601 1633 642 metuunt
1660 597 1832 653 inferne
1861 610 2072 642 caumas
2099 598 2145 643 in
2171 603 2257 656 mg.
2287 611 2350 643 rc.

402 672 458 700 m.
490 656 690 712 scripsit:
735 654 916 698 ‘inferne
945 658 992 698 et
1022 667 1211 710 superne
1239 654 1396 700 ultima
1436 655 1584 700 brevi’.
1614 680 1672 688 —
1705 658 1806 699 619.
1846 656 1920 700 ‘At
2004 656 2094 714 lagi
2136 657 2276 702 multa
2306 662 2351 702 et

386 716 508 760 ⁴late.
569 713 727 770 Pelage
757 712 957 781 agnoscit
983 711 1211 813 ΜετιιΠιλιΞ
1252 728 1281 757 a
1310 728 1467 771 graeco
1480 748 1490 768 ,
1536 714 1589 797 a?
1629 712 1824 771 πελάγη]
1851 713 1901 759 Ρ.
1933 670 2004 758 (ξε
2035 715 2189 779 pelaqi
2217 716 2256 761 V
2284 729 2350 773 pr.

402 774 952 886 ffldffiomagffagcff
964 785 1194 873 tw...
1210 788 1282 874 ’ἕξ
1321 772 1758 875 ..33r32‘st130‘3iffi
1779 771 1847 873 ¹32¹?
1848 787 1917 874 ¹⁹3.
1935 775 2307 876 ⁰⁰x52¹¹181¹2¹s¹¹¹¹1bsff
2305 789 2351 862 ἶ·

407 892 535 943 1189,
567 889 611 932 1ι.
633 902 672 932 e.
703 888 791 932 duo
820 888 939 942 folia,
969 887 1016 931 in
1045 887 1193 931 codiee
1221 889 1464 933 victoriano
1493 889 1742 945 perierunt3
1773 893 1894 932 errat
1925 891 2038 933 enim
2061 889 2113 934 G.
2131 889 2349 935 Christius

422 963 465 1004 p.
489 951 565 1000 4.),
597 946 716 1004 quod
745 946 856 991 duas
885 949 1059 990 tantum
1086 947 1272 1003 paginas
1302 947 1579 992 intercidisse
1611 947 1826 1004 perhibet.
1886 947 2076 992 Pontani
2114 962 2272 997 nomen
2291 949 2349 1007 P.

439 1005 625 1050 andidus
658 1006 793 1050 semel
822 1008 1143 1056 commemorat,
1175 1005 1232 1049 ad
1260 1005 1290 1049 l.
1323 1008 1346 1050 1
1380 1021 1418 1050 v.
1456 1009 1561 1049 175:
1607 1006 1742 1050 ‘Vites
1772 1008 1983 1050 autumno
2012 1006 2137 1051 fundi
2166 1008 2351 1052 sudante

375 1073 389 1076 “
402 1064 612 1109 videmuS.
673 1062 792 1107 Uvas
821 1062 1047 1106 Fontanus
1079 1064 1298 1118 agnoscit,
1342 1068 1387 1107 et
1418 1064 1643 1108 suadente.
1704 1062 1825 1115 Quae
1866 1064 2042 1120 quidem
2084 1065 2197 1109 duae
2225 1079 2350 1110 voces

402 1122 524 1165 nenti
555 1134 660 1164 uam
689 1120 817 1164 nobis
847 1120 1180 1176 improbantur.’
1241 1121 1299 1164 V:
1328 1123 1437 1165 vites
1468 1127 1674 1165 autumno
1701 1122 1835 1176 fundi
1861 1123 2070 1166 suadente
2099 1124 2306 1167 videmus.

518 1136 689 1223 sseinde
730 1178 782 1222 G.
814 1177 1033 1221 Christius
1066 1179 1130 1236 (p.
1163 1180 1208 1234 9)
1240 1179 1409 1223 duobus
1454 1180 1661 1236 exemplis
1700 1179 1904 1224 editionis
1943 1184 2125 1223 venetae
2163 1195 2203 1224 a.
2239 1184 2350 1224 1495

400 1238 447 1281 in
475 1236 747 1280 bibliotheca
776 1236 1027 1280 monacensi
1057 1237 1293 1280 asservatis
1323 1251 1429 1280 usus
1460 1241 1550 1290 est,
1590 1251 1775 1294 quorum
1805 1237 1942 1293 priori
1974 1237 2022 1279 P.
2054 1237 2273 1281 Victorius
2306 1253 2352 1282 se

400 1300 597 1340 testatur
626 1295 812 1338 Pontani
843 1294 1170 1338 emendationes
1202 1295 1487 1351 adscripsisse
1507 1331 1516 1349 ‚
1546 1296 1591 1339 in
1624 1296 1806 1339 alterius
1836 1295 1998 1351 pagina
2022 1306 2216 1340 extrema
2244 1297 2354 1341 haec

399 1354 601 1456 iffi&
633 1352 1799 1457 ⁴ffssssssuffiissssffiiffuiffrssss'sffssdbffiiessterssefflffl?
1810 1353 2241 1457 520231111233332.
2249 1370 2352 1458 “Z

398 1475 538 1529 patet,
571 1427 812 1514 effendatis
827 1504 837 1523 ,
869 1485 978 1527 quos
1006 1427 1281 1513 'comdiodum
1312 1428 1461 1528 {incepi
1491 1448 1548 1514 a’b
1578 1471 1755 1514 Andrea
1777 1427 2007 1514 {ambano
2037 1473 2220 1528 patritio
2250 1449 2351 1515 'Flo-

398 1530 574 1573 rentino
608 1528 776 1571 MDXX
816 1529 968 1571 Idibus
996 1528 1196 1571 Martiis’.
1257 1530 1308 1571 In
1346 1530 1429 1573 hac
1469 1530 1660 1572 editione
1710 1535 1729 1571 1
1746 1564 1755 1582 ‚
1790 1532 1876 1571 890
1914 1534 2028 1572 teste
2068 1529 2259 1573 Christio
2299 1531 2349 1573 P.

397 1586 620 1630 Victorius
652 1601 679 1628 a
694 1585 883 1629 Marullo
915 1586 977 1628 sic
1008 1586 1218 1642 scriptum
1250 1600 1345 1629 esse
1375 1587 1623 1630 adnotavit:
1656 1588 1887 1642 dispertita
1905 1594 2033 1641 atque
2062 1589 2109 1629 in
2133 1590 2262 1630 terris
2283 1612 2350 1630 -.

399 1644 440 1688 V
468 1645 605 1688 habet
633 1658 661 1686 a
689 1658 757 1698 pr.
788 1658 868 1685 m.:
911 1644 1171 1697 Dispartita
1201 1659 1252 1687 ac
1282 1645 1462 1688 interris
1492 1646 1668 1688 latitare
1697 1647 1882 1694 minute,
1925 1659 1986 1687 rc.
2017 1659 2074 1687 ιιι.
2106 1646 2345 1699 dispertite.

398 1702 447 1745 P.
474 1701 734 1755 Candidum,
766 1714 866 1744 cum
895 1700 1106 1744 scriberet
1136 1702 1369 1757 dispertita
1398 1716 1499 1757 esse,
1532 1716 1585 1745 ae
1614 1704 1662 1745 in
1693 1702 1836 1755 terrie,
1866 1726 1918 1733 ——
1951 1702 2068 1758 quod
2097 1703 2192 1745 iure
2210 1702 2347 1745 Lach-

1700 1774 1722 1803 e

396 1831 583 1862 mannus
608 1816 795 1861 Marullo
833 1816 1032 1861 tribuere
1072 1816 1309 1873 dubitavit,
1355 1817 1465 1862 illud
1490 1819 1723 1873 dispertita
1752 1831 1840 1861 non
1874 1822 1995 1861 recte
2026 1818 2187 1861 dixeris
2217 1819 2351 1861 inter·

398 1879 622 1933 pretatum
653 1889 761 1918 esse.
796 1875 1051 1917 —Deinde
1081 1880 1122 1928 4,
1160 1879 1269 1918 1191
1309 1878 1660 1930 praetermittere
1698 1882 1739 1919 et
1777 1877 1980 1919 humanis
2009 1877 2230 1919 Victorius
2259 1876 2351 1918 Ma·

400 1933 564 1978 rullum
595 1934 825 1989 scripsisse
854 1937 1061 1977 testatur.
1107 1933 1158 1977 In
1180 1934 1358 1978 Iuntina
1387 1939 1456 1978 est
1478 1936 1800 1990 praetermittet
1829 1939 1868 1978 te
1897 1935 2113 1987 humanis,
2145 1934 2223 1977 sed
2254 1948 2352 1977 cum

398 1993 445 2036 in
470 1992 509 2035 V
534 2006 562 2035 a
579 2007 644 2048 pr.
660 2006 717 2034 ιιι.
749 1995 944 2035 exstaret
966 1994 1317 2047 praetermittere
1345 1993 1561 2047 humanis,
1593 2007 1653 2036 rc.
1669 2008 1726 2036 ιιι.
1758 1991 1929 2035 addidit
1959 1999 2010 2045 et,
2042 1992 2086 2035 id
2118 1992 2235 2049 quod
2266 1992 2351 2035 sibi

398 2051 567 2108 primus
589 2050 819 2094 videbatur
833 2050 1137 2094 Lachmannus
1154 2052 1383 2106 invenisse.
1398 2077 1455 2085 —
1485 2051 1683 2109 Denique
1701 2055 1741 2106 6,
1759 2053 1844 2093 568
1859 2050 2049 2095 Marullo
2067 2051 2115 2094 P.
2131 2050 2351 2094 Victorius

395 2110 556 2154 tribuit
575 2112 694 2154 venti
713 2114 791 2154 vis.
838 2110 960 2166 Vpr.
977 2125 1034 2153 m.
1058 2112 1175 2166 quod
1202 2113 1291 2155 nisi
1319 2113 1537 2166 respirent
1553 2113 1705 2165 ventis,
1732 2112 1777 2154 vi
1806 2111 1931 2154 nulla
1964 2112 2178 2166 refremet,
2210 2125 2271 2153 rc.
2294 2125 2349 2153 m.

398 2171 537 2221 venti,
568 2170 649 2210 vis.
711 2168 762 2209 In
790 2169 969 2209 Iuntina
998 2173 1085 2210 est:
1116 2170 1232 2222 quod
1260 2172 1349 2211 nisi
1377 2172 1596 2224 respirent
1624 2171 1760 2221 venti,
1791 2184 1877 2210 non
1908 2169 2001 2210 ulla
2031 2170 2229 2223 refrenet.

516 2226 638 2278 Quae
661 2242 762 2269 vero
780 2225 972 2270 Christio
994 2230 1110 2270 teste
1125 2226 1407 2271 P.'Victorius
1425 2228 1591 2272 Ioviani
1610 2227 1799 2271 Pontani
1816 2242 1911 2271 esse
1931 2226 2050 2279 dicit,
2074 2241 2124 2270 ea
2141 2226 2187 2269 in
2206 2225 2351 2270 codice

402 2284 643 2330 victoriano
675 2298 764 2329 non
792 2283 1025 2329 habentur.
1093 2287 1128 2339 1,
1163 2287 1248 2330 666
1278 2285 1503 2331 Pontanus
1535 2288 1582 2330 in
1612 2290 1746 2339 coetu,
1776 2284 1816 2330 V
1845 2286 1893 2329 iu
1924 2289 2080 2339 tectus,
2111 2285 2157 2328 in
2186 2299 2270 2341 mg.
2303 2284 2351 2328 in

400 2348 554 2398 coetus,
588 2342 706 2401 quod
738 2343 787 2386 P.
805 2342 1026 2387 Candidus
1058 2347 1230 2389 secutus
1263 2343 1344 2388 est.
1373 2370 1424 2376 —
1461 2348 1560 2389 954.
1591 2345 1816 2388 Pontanus
1845 2356 1976 2387 necne
2004 2344 2064 2387 sit
2092 2344 2348 2396 evolvamus,

399 2402 439 2443 V
467 2416 533 2457 pr.
565 2417 621 2444 m.
658 2416 735 2444 nec
765 2404 807 2443 si
837 2407 875 2444 te
912 2404 1154 2455 volvamus,
1201 2417 1262 2445 rc.
1292 2418 1348 2445 m.
1391 2405 1465 2446 hee
1505 2406 1569 2446 sie
1605 2406 1870 2455 evolvamus,
1917 2402 2030 2444 idem
2075 2403 2261 2443 iuntina.
2291 2426 2351 2432 —

406 2463 447 2512 2,
479 2463 563 2502 205
594 2460 824 2503 Pontanus
855 2466 1064 2514 quantum
1095 2466 1159 2504 est
1187 2462 1234 2504 in
1264 2474 1321 2514 se,
1353 2461 1394 2504 V
1422 2477 1488 2517 pr.
1521 2477 1577 2505 m.
1623 2466 1829 2516 quantum
1860 2461 1990 2512 inest,
2032 2474 2092 2502 rc.
2123 2475 2179 2502 m.
2212 2474 2350 2514 quan-

406 2523 495 2561 tum
537 2520 584 2561 iu
626 2533 672 2562 se
714 2523 789 2561 est.
853 2516 963 2561 Item
992 2518 1038 2561 iu
1068 2533 1107 2561 v.
1142 2522 1245 2573 2473
1289 2519 1335 2562 in
1365 2535 1404 2562 v.
1444 2521 1528 2564 190
1555 2534 1657 2563 vero
1689 2523 1899 2574 quantum
1928 2519 1976 2561 in
2006 2531 2051 2561 se
2081 2523 2165 2571 est,
2202 2533 2240 2561 v.
2265 2519 2347 2560 201

400 2581 622 2631 quantum>
640 2581 703 2621 est
734 2577 779 2620 in
808 2589 867 2620 se.
926 2576 974 2620 P.
1009 2575 1231 2621 Candidus
1264 2577 1463 2622 omnibus
1494 2577 1562 2622 his
1593 2578 1699 2622 locis
1728 2577 1768 2622 V
1797 2579 1972 2621 secutus
1999 2580 2089 2630 est,
2119 2591 2159 2619 v.
2192 2577 2276 2619 205
2307 2579 2351 2618 et

401 2636 487 2678 247
519 2648 579 2678 rc.
611 2649 666 2679 m.
726 2634 908 2690 Nescio,
950 2635 1165 2691 quomodo
1196 2635 1251 2680 H.
1283 2635 1557 2681 Purmannus
1590 2636 1745 2694 (novae
1777 2634 1996 2694 symbolae
2027 2648 2071 2691 p.
2107 2634 2183 2690 35)
2212 2647 2349 2690 quan-

400 2698 488 2737 tum
516 2694 628 2736 inest
657 2693 890 2738 defendere
921 2695 1125 2750 potuerit.
1160 2718 1211 2725 -
1247 2698 1346 2738 941.
1376 2695 1603 2739 Pontanus
1633 2695 1738 2738 haee
1769 2706 2012 2751 congressa,
2041 2692 2081 2735 V
2106 2696 2151 2735 et
2179 2692 2351 2735 iuntina

397 2766 474 2794 nec
518 2766 759 2807 eonqressa.
793 2777 849 2783 —
897 2755 1023 2795 1094.
1063 2752 1286 2796 Pontanus
1327 2768 1438 2809 quae
1471 2754 1702 2809 placidum
1738 2754 1896 2808 deyunt
1944 2765 2098 2794 aevum
2133 2751 2349 2804 vitamque
2437 2790 2441 2793 .

397 2823 608 2864 serenam,
639 2810 677 2854 V
707 2825 771 2867 pr.
803 2825 885 2854 m.:
916 2825 997 2866 que
1019 2811 1202 2866 placido
1235 2813 1395 2867 deyunt
1427 2827 1502 2856 evo
1532 2813 1795 2867 multamque
1824 2823 2033 2861 serenam,
2066 2822 2126 2851 rc.
2152 2822 2209 2851 m.
2240 2808 2349 2852 mul-

399 2873 572 2924 tumque
601 2883 773 2925 sereno,
815 2869 934 2927 quod
963 2870 1011 2917 P.
1046 2869 1269 2914 Candidus
1301 2872 1479 2929 recepit.
1542 2870 1667 2924 Quod
1697 2868 1897 2914 Pontano
1926 2867 2147 2913 Victorius
2178 2866 2347 2922 tribuit,

398 2924 453 2971 H.
483 2929 700 2972 Avancius
731 2930 776 2972 in
805 2929 954 2973 aldina
983 2944 1023 2975 a.
1061 2934 1175 2974 1500
1206 2930 1341 2973 dedit.
1377 2956 1429 2964 —
1463 2934 1502 2985 3,
1536 2934 1637 2974 861.
1668 2930 1894 2973 Fontanus
1929 2929 2079 2971 misere
2111 2925 2346 2982 (Christius
