2767 3576
1365 176 1392 227 7

406 307 487 349 per
516 307 709 338 errorem
734 293 902 351 maceri)
930 295 972 337 si
995 295 1114 349 sorte
1141 307 1322 361 caroque
1354 293 1561 349 fumo-uus
1589 296 1676 346 est,
1714 291 1754 335 V
1781 306 1849 347 pr.
1876 306 1934 335 m.
1966 293 2099 336 miser
2138 297 2202 336 est
2235 294 2352 347 forte

400 353 631 456 ἶὲἒὲιζζωω
648 356 858 456 “xiste
879 343 2018 467 Zssztwfflfflzfflffiffiwam
2009 355 2175 453 mam*
2174 353 2349 455 ῑαῖῗιὲ.

402 495 463 505 --
491 472 543 523 5,
575 468 675 514 690.
713 460 934 516 Fontanus
969 468 1147 513 distinet
1185 442 1368 524 aequhto
1408 467 1573 513 caelum
1611 467 1862 511 discrimine
1898 424 2085 522 meing,
2124 466 2223 526 Vp

402 529 580 572 distinet
608 531 790 582 aequato
822 527 985 570 caelum
1015 527 1264 571 discrimine
1294 531 1440 581 metas,
1469 540 1535 570 rc.
1554 540 1612 570 ιιι.
1645 527 1712 582 (et
1736 525 1923 582 iuntina)
1956 527 2077 569 caeli.
2136 481 2348 583 Intellig-

403 600 501 631 mus
529 586 675 653 igitur
695 598 858 638 eorum,
890 598 1003 641 quae
1017 584 1210 631 Victorio
1239 588 1352 630 teste
1364 585 1569 630 Iovianus
1580 583 1809 629 Pontanus
1837 588 2099 629 correxerat.
2130 590 2348 653 correcto·

403 658 496 690 iem
524 644 752 689 victoriani
779 642 888 687 nihil
916 643 1153 700 quidquam
1183 644 1368 698 novisse,
1399 658 1513 700 quae
1541 632 1720 689 Marulli
1749 656 1843 687 esse
1874 634 2167 698 perhibentur,
2199 643 2349 712 omnia

403 702 578 770 cognita
598 702 819 747 habuisse.
873 701 987 750 Nam
1017 702 1134 759 quod
1169 706 1206 757 1,
1221 703 1308 747 890
1338 679 1485 748 d'iffert
1513 701 1776 747 correctoris
1804 701 1932 745 lectio
1962 702 2186 757 dispertite
2215 717 2269 746 ac
2297 703 2346 748 iu

403 762 533 808 terris
561 776 589 805 a
618 760 876 805 marulliana
907 760 1088 805 Victorii
1117 761 1366 805 coniectura
1395 762 1628 816 dispertita
1658 765 1788 815 atque
1825 761 1872 803 in
1903 762 2044 814 terris,
2080 760 2254 804 videtur
2281 760 2347 805 ita

402 819 608 875 explicari
635 832 778 875 posse,
809 822 860 861 ut
872 817 1060 862 Marullo
1091 818 1176 862 alio
1205 823 1401 875 tempore
1418 819 1540 863 aliud
1567 818 1615 863 in
1629 822 1820 862 mentem
1847 819 2013 861 venisse
2038 819 2344 872 existimemus,

399 878 588 922 alteram
615 891 718 920 vero
736 876 1029 920 coniecturam
1054 877 1101 921 in
1119 877 1309 921 editione
1337 878 1428 931 illa,
1459 891 1591 934 quam
1622 877 1679 921 ab
1697 876 1875 920 Andrea
1890 875 2109 920 Cambano
2125 876 2345 921 Victorius

402 935 719 980 commodatam
748 941 991 991 acceperat,
1021 935 1278 980 adnotatam
1304 935 1452 990 fuisse,
1483 935 1669 980 alteram
1697 935 1744 979 in
1773 933 1933 989 codice,
1964 934 2018 978 de
2047 949 2131 990 quo
2161 935 2343 1002 agimus.

401 994 666 1040 Adolescens
696 1006 796 1036 vero
826 993 983 1036 Petrus
1013 993 1231 1039 Victorius
1259 995 1386 1038 unius
1418 971 1463 1038 e⁷t
1492 994 1648 1050 viginti
1673 1007 1888 1038 annorum
1917 993 2016 1046 fuit,
2048 1007 2146 1037 cum
2175 994 2342 1038 coniec-
2423 1024 2429 1032 x

397 1058 522 1103 turas
551 1051 650 1095 illas
680 1052 725 1093 in
755 1050 988 1093 editionem
1019 1051 1229 1095 Venetam
1259 1065 1299 1094 a.
1336 1055 1445 1095 1495
1475 1052 1795 1107 transscripsit.

513 1109 651 1153 Porro
693 1108 740 1151 C.
782 1108 1087 1153 Lachmannus
1130 1109 1185 1152 ad
1229 1109 1258 1152 l.
1294 1112 1318 1152 3
1356 1124 1394 1152 v.
1428 1113 1484 1152 98
1520 1109 1666 1153 tribus
1708 1109 1816 1152 locis
1861 1122 2010 1151 versus
2051 1108 2241 1164 singulos
2282 1108 2340 1152 ab

395 1166 658 1222 Hieronymo
695 1167 885 1209 Avancio
924 1166 1066 1221 primo
1105 1167 1153 1210 in
1189 1167 1336 1210 aldina
1376 1181 1416 1210 a.
1449 1170 1562 1210 1500
1602 1166 1778 1211 additos
1816 1180 1912 1209 esse
1946 1165 2093 1219 docet,
2133 1166 2209 1209 sed
2247 1180 2340 1210 cor·

398 1229 553 1279 ruptos
584 1238 658 1268 eos
689 1229 734 1266 et
763 1238 894 1266 sensu
924 1238 1085 1277 cassos,
1116 1239 1213 1267 cum
1242 1225 1289 1267 in
1317 1226 1488 1268 iuntina
1517 1225 1739 1268 emendati
1777 1224 2037 1267 habeantur.
2099 1223 2166 1266 Sic
2197 1224 2337 1266 Avan-

399 1283 491 1327 cius
521 1286 624 1326 ante
656 1284 695 1335 3,
715 1285 770 1325 98
800 1280 914 1326 hunc
932 1281 1085 1326 habet:
1119 1283 1321 1337 Quamvis
1348 1283 1487 1327 multa
1516 1283 1689 1339 quidem
1717 1284 1965 1338 sapientum
1996 1282 2123 1326 turba
2146 1286 2337 1335 putaret,

398 1346 445 1386 at
473 1344 592 1385 recte
621 1340 811 1385 iuntina:
855 1341 1061 1395 Quamvis
1089 1342 1223 1386 multa
1252 1342 1422 1397 quidem
1451 1343 1699 1398 sapientum
1731 1342 1860 1386 turba
1883 1344 2116 1396 putarunt.
2146 1365 2205 1372 —
2233 1339 2338 1384 Post

398 1405 439 1452 4,
467 1403 548 1443 100
579 1401 697 1442 Nam
715 1414 793 1443 cur
821 1400 901 1442 illa
931 1402 1092 1445 cadant
1118 1402 1258 1456 mayis
1287 1401 1340 1443 ab
1363 1401 1573 1455 rebusque
1601 1401 1808 1444 recedant
1833 1399 1951 1455 apud
1966 1400 2199 1442 Avancium
2230 1398 2337 1442 haec

401 1458 643 1501 adduntur:
686 1472 895 1512 corpora,
932 1473 1003 1502 res
1041 1459 1202 1501 multas
1246 1473 1355 1512 quae
1394 1459 1574 1507 mittunt
1613 1473 1795 1513 corpore
1826 1462 2001 1513 aperto,
2045 1456 2165 1500 nullo
2195 1464 2334 1508 sensu,

399 1517 560 1560 rectius
590 1515 785 1558 Iuntina:
820 1530 1026 1570 corpora,
1071 1530 1142 1559 res
1169 1517 1329 1560 multae
1358 1531 1470 1570 quac
1498 1518 1677 1560 nattum
1706 1531 1887 1571 corpore
1916 1520 2083 1570 aperto.
2143 1514 2335 1569 Denique

396 1574 541 1616 versui
573 1575 658 1615 530
686 1573 715 1615 l.
749 1577 800 1615 4:
829 1574 1015 1626 scilicet,
1048 1574 1231 1627 expletis
1260 1588 1424 1628 quoque
1452 1575 1593 1617 ianua
1622 1575 1825 1618 redditur
1864 1574 1955 1617 oris
1982 1573 2197 1616 Avancius
2225 1572 2337 1615 hunc

402 1631 611 1674 subiecit:
639 1645 777 1673 rauca
806 1632 911 1683 suis,
943 1637 983 1674 et
1012 1633 1096 1674 iter
1124 1631 1269 1674 reddit
1297 1646 1383 1686 qua
1411 1645 1500 1674 vcoe
1526 1632 1564 1674 it
1592 1630 1642 1674 in
1672 1646 1828 1685 auras,
1867 1644 1982 1687 quae
2012 1644 2143 1673 sensu
2174 1633 2336 1681 carent,

394 1689 470 1737 sed
501 1688 579 1731 ubi
613 1688 657 1731 in
686 1689 856 1731 iuntina
877 1688 989 1731 hunc
1020 1702 1192 1731 versum
1221 1690 1283 1733 sic
1312 1690 1522 1743 scriptum
1546 1703 1650 1732 6889
1670 1689 1982 1744 comperimus:
2012 1702 2153 1731 rauca
2174 1689 2268 1739 viis,
2299 1692 2339 1730 et

392 1748 476 1790 iter
506 1747 652 1799 laedit,
684 1760 770 1800 qua
802 1759 884 1789 vox
912 1747 949 1790 it
977 1747 1025 1789 in
1055 1760 1212 1799 auras,
1242 1746 1370 1791 facile
1400 1746 1707 1802 intelligimus,
1752 1754 1800 1792 et
1827 1746 1931 1803 quid
1964 1750 2121 1789 auctor
2164 1749 2335 1789 secutus

393 1805 452 1846 sit
480 1809 524 1846 et
554 1818 667 1860 quae
695 1804 740 1845 ιιι
778 1803 925 1846 aldina
955 1817 995 1846 a.
1035 1807 1146 1845 1500
1176 1804 1394 1847 habentur
1423 1805 1545 1860 turpi
1584 1819 1733 1847 errore
1763 1804 1946 1848 Avancii
1989 1803 2143 1846 literas
2173 1804 2336 1858 aliquot

391 1876 480 1906 non
508 1867 626 1905 recte
657 1862 937 1916 interpretati
966 1867 1064 1905 orta
1092 1876 1203 1906 esse.
1264 1863 1314 1906 In
1345 1863 1516 1906 V-vero
1544 1862 1614 1906 his
1644 1863 1752 1906 locis
1768 1863 1935 1907 'versus
1963 1862 2120 1905 novicii
2151 1862 2197 1904 in
2224 1875 2334 1904 mar-

391 1920 492 1976 gine
519 1919 728 1975 adscripti
760 1922 863 1963 sunt
891 1919 1052 1964 eisdem
1081 1919 1222 1964 literis
1252 1920 1466 1974 omnibus,
1497 1920 1659 1977 quibus
1685 1921 1734 1965 in
1761 1921 1935 1965 iuntina
1964 1923 2182 1964 constant.
2245 1917 2334 1963 Iam

392 1992 487 2021 cum
526 1978 575 2021 P.
609 1977 850 2022 Candidum
895 1978 1026 2021 etiam
1070 1978 1151 2022 hos
1192 1993 1340 2022 versus
1380 1978 1584 2023 Michaeli
1625 1979 1843 2033 Marullo,
1889 1991 2019 2034 quem
2064 1977 2335 2035 potissimum

392 2036 544 2080 ducem
566 2051 612 2080 se
643 2040 836 2080 secutum
856 2050 952 2079 esse
980 2036 1217 2080 identidem
1238 2036 1483 2092 profitetur,
1515 2041 1719 2093 acceptos
1738 2015 1943 2082 debuisse
1963 2037 2052 2081 veri
2074 2035 2335 2080 simillimum

393 2096 472 2148 sit,
512 2095 813 2139 Lachmannus
844 2095 1079 2138 Avancium
1121 2099 1164 2145 et
1203 2096 1282 2139 hos
1322 2096 1442 2152 ipsos
1478 2100 1525 2140 et
1564 2096 1808 2152 permultas
1844 2096 2167 2141 emendationes
2211 2094 2332 2148 aliae,

391 2168 503 2207 quae
534 2157 579 2196 et
607 2154 653 2196 ιιι
683 2153 799 2196 illius
831 2153 1025 2218 editione
1051 2158 1095 2196 et
1123 2154 1168 2196 in
1196 2155 1367 2197 iuntina
1395 2155 1701 2208 reperiuntur,
1743 2157 1790 2198 in
1821 2169 1975 2208 exemp
1976 2154 2060 2197 lari
2092 2168 2119 2196 a
2146 2152 2333 2195 Marullo

393 2209 582 2266 expolito
612 2210 828 2267 reperisse
859 2224 936 2255 suo
974 2210 1068 2256 iure
1097 2210 1314 2265 iudicavit,
1346 2210 1425 2257 sed
1461 2211 1546 2258 sibi
1575 2211 1724 2268 potius
1764 2227 1897 2270 quam
1926 2210 2111 2257 Marullo
2142 2209 2335 2256 adscribi

390 2270 590 2313 voluisse.
651 2269 799 2326 Neque
831 2273 909 2325 est,
940 2282 1017 2312 cur
1047 2270 1272 2324 miremur,
1304 2270 1518 2327 quomodo
1549 2272 1764 2315 Avancius
1796 2271 2038 2328 exemplum
2081 2273 2157 2312 aut
2187 2281 2213 2311 a
2243 2268 2336 2310 Ma-

391 2329 504 2371 rullo
533 2330 630 2384 ipso
673 2328 947 2370 emendatum
977 2332 1055 2369 aut
1094 2329 1140 2369 in
1180 2342 1265 2384 quo
1305 2330 1398 2371 eius
1429 2330 1762 2372 emendationes
1786 2331 2025 2373 adnotatae
2056 2332 2201 2370 essent
2228 2340 2337 2369 nan-

392 2387 494 2429 cisei
524 2387 729 2440 potuerit.
787 2386 898 2427 Nam
927 2384 1121 2428 Lucretii
1165 2387 1310 2429 studio
1341 2392 1384 2428 et
1418 2402 1568 2430 amore
1597 2392 1693 2430 tum
1729 2403 1809 2442 per
1839 2403 1988 2431 omnes
2018 2386 2171 2428 Ita-liae
2201 2385 2336 2427 urbes

394 2444 528 2488 animi
558 2443 777 2488 hominum
808 2442 1251 2499 ingeniosissimorum
1281 2448 1325 2489 et
1355 2444 1749 2489 eruditissimorum
1779 2445 2043 2490 tenebantur
2072 2447 2116 2487 et
2146 2441 2337 2487 Michae-

392 2502 446 2547 lis
475 2502 649 2546 Marufli
678 2515 833 2546 nomen
869 2501 1216 2546 laudatissimum
1258 2503 1436 2558 eiusque
1482 2503 1630 2548 studia
1660 2504 1905 2548 lucretiana
1933 2502 2162 2547 notissima
2195 2506 2336 2546 erant.

390 2560 667 2605 Consuetudo
686 2574 787 2604 vero
817 2559 990 2612 illorum
1009 2565 1249 2616 temporum
1268 2561 1452 2614 ferebat,
1481 2565 1533 2606 ut
1557 2561 1661 2606 libri
1681 2562 1748 2606 vel
1768 2563 1920 2619 scripti
1942 2561 2007 2605 vel
2037 2561 2241 2618 impressi
2268 2573 2339 2603 ra-

391 2620 531 2663 riores
562 2623 639 2663 aut
670 2607 985 2662 emendatiores
1016 2619 1167 2662 amicis
1198 2623 1242 2662 et
1271 2618 1518 2664 hominibus
1560 2621 1797 2664 eorundem
1829 2621 2071 2664 studiorum
2101 2619 2338 2663 communi-

393 2692 475 2720 one
505 2679 743 2720 coniunctis
771 2677 1025 2731 saepissime
1054 2678 1432 2720 commodarentur
1463 2684 1508 2720 et
1530 2680 1793 2722 commodati
1817 2681 2133 2739 acciperentur.
2191 2678 2338 2719 Etiam

391 2736 577 2779 Ioannes
606 2736 810 2791 Baptista
841 2734 943 2777 Pius
985 2734 1031 2777 in
1071 2734 1259 2778 editione
1300 2735 1556 2780 bononiensi
1586 2751 1626 2780 a.
1664 2740 1773 2780 1511
1820 2736 1973 2794 (praef.
2005 2735 2079 2779 fol.
2118 2739 2138 2777 1
2171 2736 2338 2790 verso):

343 2834 347 2836 ,
394 2793 667 2850 ‘Marullique
697 2792 887 2850 poetae’,
918 2792 1080 2847 inquit,
1124 2793 1354 2838 ‘industria
1383 2795 1496 2839 mira
1535 2796 1799 2853 castigatum
1829 2810 1916 2839 non
1946 2794 2087 2838 defuit
2118 2792 2339 2850 exemplar

391 2852 549 2897 Severo
580 2853 761 2897 Monaco
791 2851 1044 2895 Placentino
1082 2865 1234 2907 graece
1275 2853 1498 2910 latineque
1527 2854 1738 2911 perdocto
1776 2868 2000 2898 musarum
2041 2852 2210 2897 athleta
2252 2866 2339 2896 non

394 2913 608 2968 gravatim
640 2911 896 2956 οίϊει6ιιι63·
924 2924 1172 2967 quanquam
1217 2916 1308 2956 tres
1339 2927 1511 2967 versus,
1557 2914 1611 2958 de
1642 2914 1800 2970 quibus
1837 2914 1967 2958 modo
1999 2913 2208 2965 diximus,
2251 2926 2339 2955 non
