2767 3576
1333 220 1397 269 10

389 348 571 390 secutus
590 347 711 388 esset
729 347 1070 399 compararetur,
1101 356 1198 387 cum
1217 343 1414 388 homines
1433 343 1586 389 doctos
1607 345 1852 399 complures
1869 357 1919 389 re
1938 358 2026 390 non
2043 348 2155 399 satis
2184 351 2331 405 explo-

391 406 493 447 rata
522 413 670 445 errore
700 400 800 445 duci
841 400 1257 446 animadvertissem.
1333 400 1489 446 Omnia
1528 414 1632 446 vero
1674 414 1729 446 ea
1771 399 2043 447 observando
2084 406 2332 460 complexus

391 471 501 512 sum,
531 470 644 514 quae
673 458 724 501 L.
755 457 942 503 Mueller
970 458 1015 502 in
1044 457 1158 503 libro
1189 458 1243 503 de
1273 470 1322 502 re
1350 460 1534 504 metrica
1562 462 1789 514 poetarum
1817 458 2050 504 latinorum
2078 474 2121 516 p.
2154 464 2239 514 232
2264 457 2329 519 sq'.

392 516 685 560 eruditissime
715 516 928 571 exposuit.
1001 516 1201 561 Relativo
1230 516 1364 572 igitur
1391 517 1645 572 pronomine
1674 516 1903 562 Lucretius
1943 516 1989 562 in
2015 515 2101 563 fine
2129 520 2330 575 versuum

392 587 524 628 saepe
553 574 715 618 utitur:
761 587 871 627 quae
902 578 943 627 3,
975 577 1075 618 546.
1107 578 1206 617 815.
1239 578 1279 626 5,
1312 577 1352 616 9.
1386 578 1484 617 862.
1516 578 1617 618 851.
1659 575 1732 618 cui
1763 578 1804 628 2,
1837 578 1905 619 17.
1942 586 2126 631 quorum
2158 580 2197 631 1,
2229 579 2329 621 242.

391 634 492 675 456.
525 634 625 675 684.
663 633 704 683 2,
736 633 836 675 537.
865 629 916 674 id
944 631 1061 684 quod
1091 634 1130 683 2,
1162 633 1260 674 925.
1299 632 1415 674 unde
1445 636 1486 684 2,
1516 635 1617 675 428.
1651 635 1691 684 3,
1726 635 1852 675 1053.
1882 655 1941 663 -·-
1967 632 2330 689 Interrogativum

395 688 532 733 semel
573 688 791 742 reperitur
833 690 873 740 3,
905 691 1005 731 642.
1052 713 1110 719 -
1159 687 1253 730 etus
1292 691 1333 740 6,
1363 691 1464 730 421.
1496 692 1596 731 694.
1627 693 1667 740 5,
1698 691 1796 730 627.
1847 701 1994 741 eorm
2023 693 2063 742 5,
2094 693 2194 742 870.
2228 694 2327 744 988.

396 748 523 789 1173.
553 764 614 776 ε-
642 756 775 800 neque
802 743 941 788 ullam
975 748 1018 798 1,·
1045 747 1144 788 690.
1174 743 1265 788 ullo
1297 746 1337 798 2,
1370 747 1468 789 235.
1500 744 1594 788 ulla
1625 747 1666 797 2,
1697 747 1796 788 912.
1826 745 1932 789 ullis
1962 749 2002 798 5,
2033 749 2119 790 955
2149 748 2211 802 (1,
2242 751 2327 791 263

392 816 471 845 nec
501 802 657 853 ullam,
694 802 774 845 sed
802 802 941 845 Iulius
970 802 1119 844 Iessen
1148 802 1197 857 (l.
1227 814 1270 856 p.
1303 805 1327 844 7
1359 802 1571 858 indicato)
1598 805 1718 846 recte
1747 805 1848 846 ante
1878 802 2050 847 vocales
2078 803 2328 848 Lucretium

392 872 478 901 non
507 871 634 901 usum
664 871 762 901 esse
791 858 1000 902 iudicavit
1028 859 1113 901 nisi
1142 858 1283 902 forma
1310 860 1480 914 neque).
1539 859 1634 903 sine
1661 858 1766 903 uuis
1797 862 1836 912 1,
1861 861 1987 904 1054.
2040 859 2117 905 sed
2144 859 2257 905 §aaa
2288 865 2327 913 1,

393 920 492 959 877.
524 940 584 947 —
611 929 736 968 quom
768 919 808 967 3,
841 919 911 958 89.
943 919 1041 957 221.
1077 919 1202 957 1048.
1234 920 1276 968 4,
1299 920 1399 958 615.
1432 920 1531 959 936.
1565 920 1605 969 5,
1640 918 1765 959 1069.
1798 919 1839 970 6,
1860 919 1960 960 896.
2006 916 2110 962 dum
2141 919 2328 972 2‚1125.

390 972 431 1017 si
462 975 503 1025 6,
539 975 635 1016 161.
663 997 723 1005 —
752 972 868 1027 quod
898 976 938 1024 2,
972 975 1069 1014 799.
1103 977 1142 1024 5,
1177 976 1302 1015 1170.
1336 976 1376 1024 6,
1399 977 1498 1015 861.
1528 978 1578 1015 ιιι
1609 977 1649 1024 3,
1673 977 1770 1015 723.
1800 978 1931 1027 utque
1962 978 2003 1026 6,
2029 978 2154 1018 1005.
2176 976 2326 1030 prius-

391 1041 521 1086 quam
564 1031 605 1083 6,
638 1031 738 1073 917.
788 1027 928 1085 magis
956 1041 1085 1084 quam
1129 1032 1166 1082 1,
1199 1032 1297 1073 738.
1331 1032 1371 1083 2,
1404 1033 1473 1074 57.
1507 1034 1547 1082 5,
1582 1034 1678 1073 111.
1712 1033 1752 1082 6,
1785 1033 1854 1074 37.
1899 1045 2117 1086 proquam
2157 1037 2196 1085 3,
2229 1037 2324 1076 199.

391 1099 638 1142 quanquam
670 1090 710 1140 2,
743 1090 842 1130 204.
873 1109 933 1118 -—-
960 1087 1050 1131 iam
1085 1090 1122 1140 1,
1154 1091 1252 1131 613.
1295 1090 1386 1131 tum
1416 1090 1457 1140 6,
1490 1090 1588 1132 288.
1620 1089 1719 1131 402.
1765 1092 1907 1131 autem
1953 1092 1991 1142 1,
2023 1093 2122 1133 857.
2153 1095 2194 1143 4,
2230 1095 2325 1134 150.

393 1150 433 1197 6,
469 1148 567 1187 779.
601 1148 641 1196 3,
674 1147 758 1186 559
805 1144 957 1198 (etiam
986 1144 1069 1187 hoc
1099 1145 1194 1187 loco
1223 1158 1359 1199 neque
1386 1150 1528 1188 autem
1542 1178 1553 1197 ‚
1593 1144 1708 1198 quod
1746 1145 1925 1199 reliquis
1955 1146 2062 1189 locis
2094 1147 2327 1201 adscriptis

392 1206 438 1244 et
469 1206 508 1254 5,
533 1204 617 1244 366
648 1201 823 1257 legitur,
854 1211 951 1245 cum
980 1201 1014 1244 Ι.
1036 1201 1186 1246 Iessen
1215 1202 1244 1245 1.
1267 1202 1308 1248 d.
1330 1201 1647 1248 restituendum
1676 1201 1779 1258 est).
1809 1228 1870 1235 —
1898 1214 1994 1248 cum
2024 1203 2327 1259 (praepositio)

389 1258 579 1302 habetur
610 1263 650 1310 3,
680 1263 778 1301 665.
811 1263 852 1309 6,
875 1262 973 1306 279.
1004 1260 1067 1310 in,
1094 1272 1191 1301 cum
1222 1264 1262 1311 3,
1296 1264 1380 1303 703
1410 1262 1455 1302 in
1486 1259 1707 1304 codicibus
1735 1260 1922 1314 deesset,
1952 1260 2140 1306 Michael
2163 1262 2326 1307 Marul-

390 1318 460 1362 lus
490 1319 614 1362 certa
644 1315 893 1360 coniectura
922 1315 1123 1360 addidit.
1165 1316 1284 1368 Quae
1327 1318 1470 1361 omnia
1508 1330 1751 1372 quanquam
1779 1319 2029 1361 Lucretium
2067 1332 2164 1363 cum
2192 1320 2323 1363 liber-

389 1378 484 1418 tate
513 1374 660 1428 aliqua
688 1374 733 1416 in
762 1370 960 1417 versibus
989 1372 1254 1425 hexametris
1284 1374 1636 1429 coagmentandis
1673 1379 1894 1419 versatum
1935 1388 2033 1422 esse
2074 1377 2321 1430 ostendunt,

389 1444 610 1487 nunquam
638 1436 786 1475 tamen
815 1442 913 1475 eum
942 1431 1181 1486 particulas
1212 1436 1264 1485 et,
1295 1436 1423 1487 atque
1453 1432 1555 1489 (ac),
1587 1436 1646 1484 at,
1678 1436 1757 1477 aut
1782 1433 1829 1476 in
1858 1431 1942 1477 fine
1961 1446 2164 1479 versuum
2182 1448 2322 1489 neque

389 1494 492 1544 post
521 1502 753 1533 consonam
783 1501 922 1542 neque
950 1492 1052 1542 post
1080 1489 1270 1533 vocalem
1300 1490 1486 1542 literam,
1517 1502 1613 1534 cum
1645 1502 1730 1544 qua
1759 1490 2075 1544 coalescerent,
2104 1504 2322 1546 nunquam

388 1546 466 1589 sed
477 1578 487 1598 ,
529 1546 617 1598 vel,
661 1559 736 1589 seu
774 1550 877 1600 post
906 1558 1137 1589 consonam
1167 1547 1364 1600 posuisse
1395 1550 1513 1590 certo
1544 1550 1728 1590 constat.
1799 1547 1866 1590 De
1896 1551 1937 1590 et
1965 1549 2181 1602 particula
2206 1549 2321 1593 idem

387 1605 476 1647 iam
505 1604 807 1647 Lachmannus
837 1603 948 1646 dixit
975 1603 1032 1646 ad
1062 1606 1102 1655 2,
1135 1606 1233 1647 502.
1311 1604 1435 1656 Quod
1467 1604 1610 1659 igitur
1639 1604 1920 1659 Tanaquillus
1952 1604 2094 1653 Faber
2127 1609 2238 1650 1662
2277 1610 2324 1650 et

388 1666 491 1716 post
520 1674 618 1706 eum
647 1662 805 1705 iterum
835 1660 889 1704 N.
921 1660 1097 1715 Madvig
1126 1661 1346 1705 adversar.
1375 1663 1470 1705 crit.
1504 1665 1529 1703 2
1560 1675 1601 1715 p.
1636 1665 1690 1703 22
1730 1662 1895 1716 opinati
1936 1667 2038 1707 sunt
2071 1668 2108 1717 1,
2140 1668 2223 1707 557
2256 1677 2320 1718 sq.

387 1718 664 1763 scribendum
695 1731 817 1762 esse:

1113 1778 1373 1828 quapropter
1401 1774 1532 1830 lonqa
1566 1775 1693 1818 dies
1723 1778 1774 1818 et

743 1833 923 1886 infinita
951 1835 1072 1874 aetas
1101 1836 1202 1874 ante
1230 1832 1315 1875 acti
1347 1833 1548 1886 temporis
1577 1833 1716 1876 omnis

743 1889 854 1943 quod
879 1890 1081 1944 freqisset
1110 1890 1247 1932 adhuc
1277 1889 1529 1932 disturbans
1557 1890 1890 1944 dissoluensque,

738 1960 959 2001 nunquam
988 1947 1149 1989 relicuo
1179 1948 1381 2001 reparari
1411 1951 1599 2001 tempore
1621 1951 1781 2001 posset.

387 2005 431 2049 id
453 2009 610 2060 poetae
630 2017 802 2048 manum
822 2004 987 2048 referre
1009 2005 1184 2048 concedi
1202 2017 1286 2047 non
1308 2009 1468 2059 potest,
1489 2018 1731 2059 quanquam
1752 2005 1993 2048 sententiae
2014 2017 2141 2060 quam
2162 2006 2322 2060 optime

389 2063 589 2107 convenit
618 2067 665 2106 et
696 2067 815 2106 recte
846 2062 900 2106 H.
923 2062 1077 2107 Munro
1108 2076 1146 2105 v.
1180 2066 1264 2106 233
1296 2063 1503 2107 contulit:
1549 2064 1695 2106 omnia
1724 2063 1838 2107 enim
1867 2062 1995 2117 debet,
2025 2063 2199 2107 mortali
2229 2077 2322 2108 cor-

381 2135 489 2175 pore
509 2135 618 2177 quae
647 2125 761 2174 sunt,
792 2121 968 2175 infinita
998 2125 1117 2164 aetas
1137 2134 1388 2174 consumpse
1407 2126 1507 2163 ante
1527 2125 1623 2163 acta
1643 2122 1826 2176 diesque.
1884 2121 1935 2164 In
1960 2121 2082 2164 codd.
2100 2126 2170 2165 est
2193 2121 2323 2176 lonqa

389 2180 489 2232 diei,
521 2179 637 2234 quod
668 2178 879 2233 quomodo
909 2183 1152 2224 ceterorum
1182 2179 1378 2234 compagi
1407 2178 1634 2223 verborum
1665 2179 1978 2223 accommodari
2007 2179 2147 2233 possit
2175 2183 2221 2222 et
2249 2192 2321 2222 ex-

388 2237 542 2291 plicari
584 2249 670 2280 non
709 2236 918 2292 intelligo.
994 2237 1294 2281 Lachmannus
1334 2237 1441 2280 nihil
1480 2237 1728 2289 adnotavit,
1772 2237 1827 2279 H.
1859 2236 2013 2279 Munro
2044 2249 2154 2291 quae
2185 2237 2241 2279 ad
2272 2250 2325 2279 ea

388 2294 522 2338 verba
552 2295 809 2349 explicanda
838 2294 1096 2349 adscripsit:
1149 2294 1288 2350 ‘quod
1319 2295 1446 2349 longa
1476 2295 1562 2338 diei
1592 2298 1740 2346 aetas,
1783 2294 1864 2337 hoc
1906 2298 1975 2337 est
2003 2293 2171 2337 infinita
2200 2298 2323 2345 aetas

387 2353 579 2395 anteacti
621 2353 830 2406 temporis
845 2352 869 2403 ',
915 2364 969 2395 ne
1007 2352 1090 2405 ipsi
1129 2352 1301 2405 quidem
1341 2351 1540 2395 sufficere
1579 2352 1790 2395 videntur.
1865 2350 2007 2402 Quare
2049 2351 2322 2402 sententiam,

389 2422 516 2463 quam
547 2422 697 2452 omnes
726 2421 856 2452 unam
886 2409 985 2452 huic
1014 2410 1107 2452 loco
1139 2410 1364 2452 convenire
1394 2410 1664 2460 existimant,
1696 2409 1758 2451 sic
1788 2412 1893 2462 puto
1922 2409 2094 2451 restitui
2124 2420 2278 2462 posse:

1242 2471 1505 2520 quapropter
1535 2466 1664 2521 {onya
1692 2466 1815 2508 dies
1847 2466 1904 2507 in

742 2524 920 2578 infinita
948 2527 1145 2567 aetate
1175 2528 1274 2566 ante
1305 2525 1393 2567 acti
1424 2525 1627 2577 temporis
1657 2524 1796 2566 omnis
1826 2535 1861 2565 c.
1885 2535 1924 2576 q.
1948 2535 1982 2564 s.

386 2581 499 2622 diem
530 2581 761 2636 aliquando
793 2581 884 2625 fere
916 2593 993 2636 pro
1022 2584 1208 2635 tempore
1251 2581 1336 2625 dici
1367 2585 1413 2625 et
1447 2582 1541 2625 loco
1572 2581 1763 2624 Lucretii
1799 2580 1937 2624 altero
1969 2584 2015 2623 et
2044 2579 2225 2623 aliorum
2257 2584 2322 2621 te-

388 2640 603 2681 stimoniis
648 2640 907 2692 scriptorum
954 2640 1124 2681 ostendi
1166 2643 1325 2693 potest.
1407 2639 1477 2682 Sic
1521 2638 1636 2693 apud
1677 2637 1861 2682 Ennium
1901 2638 2009 2681 Ann.
2056 2649 2094 2680 v.
2131 2639 2213 2679 110
2243 2635 2322 2680 V.:

388 2699 608 2738 aeternum
638 2697 811 2738 seritote
840 2697 952 2738 diem
980 2697 1248 2738 concorditer
1278 2697 1399 2737 ambo
1441 2697 1676 2751 (Hersiliae
1718 2695 1851 2738 verba
1881 2698 1982 2738 sunt
2011 2694 2239 2737 Romulum
2279 2697 2324 2737 et

389 2752 559 2798 Tatium
591 2752 891 2798 adhortantis:
924 2752 978 2797 cf.
1004 2753 1037 2796 Ι.
1059 2753 1228 2796 Vahlen
1259 2768 1299 2808 p.
1321 2754 1567 2808 XXXVIII)
1598 2759 1644 2796 et
1674 2758 1784 2796 401:
1809 2758 2056 2807 postremae
2086 2751 2322 2805 longinqua

385 2810 477 2853 dies
497 2812 738 2865 confecerat
757 2816 890 2856 aetas.
951 2811 1170 2866 Turpilius
1190 2825 1229 2855 v.
1256 2816 1360 2855 157:
1391 2812 1564 2867 quando
1585 2812 1777 2866 equidem
1796 2825 1981 2854 amorem
1999 2808 2322 2862 intercapedine

384 2870 480 2922 ipse
525 2870 675 2912 lenivit
715 2871 819 2913 dies.
892 2866 1122 2913 Terentius
1163 2870 1320 2913 Heaut.
1355 2874 1392 2913 3.
1431 2874 1467 2922 l,
1504 2873 1581 2913 13:
1631 2870 1742 2913 diem
1780 2868 1969 2912 adimere
2011 2865 2322 2920 aeqritudinem

383 2926 641 2969 hominibus.
703 2929 854 2971 Cicero
886 2929 940 2970 ad
975 2929 1065 2970 Att.
1092 2932 1129 2970 3.
1157 2932 1223 2980 15,
1248 2931 1297 2970 2:
1340 2928 1430 2970 dies
1460 2931 1602 2970 autem
1630 2940 1720 2970 non
1750 2925 1873 2969 modo
1903 2936 1991 2967 non
2022 2923 2133 2967 levat
2163 2922 2320 2967 luctum
