2767 3576
1360 197 1423 247 12

403 312 644 369 *oblongo
686 310 2185 373 cmuspoggisnummmlhmumfmssesatisoefflmt
2210 318 2357 362 ‘stin

416 369 656 425 Quadrato,
685 372 861 414 exstare
890 381 1068 414 neeesse
1093 382 1208 423 esse,
1238 382 1503 426 quanquam,
1530 382 1633 414 cum
1661 369 1968 416 Iuhmannus
1994 350 2177 430 taedet}
2200 374 2262 443 id

413 444 512 473 rum
555 426 971 481 verisimilem-at,
1015 427 1220 484 precibus
1257 427 1494 474 tamenV.
1519 426 1574 474 G.
1610 426 1849 487 Pluygers
1872 428 2167 477 hibl'nthesa'e

411 487 525 532 miae
547 484 832 545 lugdunensis
859 485 1142 556 praefectum,
1170 485 1387 532 hominem
1417 486 1771 544 eruditissimum,
1800 486 1903 544 adii,
1934 491 1988 534 ut
2012 487 2236 535 codicibus
2259 490 2351 537 illis

413 546 557 591 denuo
585 547 793 609 inspectis
820 559 893 590 me
921 546 1155 592 certiorem
1181 545 1358 599 faceret,
1392 546 1626 603 numquid
1653 560 1714 592 eo
1728 546 1834 593 loco
1862 543 2067 594 notarum
2095 547 2351 593 illarumin-

413 604 649 650 veniretur.
709 604 753 648 Is
782 603 891 648 mihi
921 603 1191 661 benignitate
1209 602 1358 672 plane
1371 604 1582 673 singulari
1597 604 1822 650 celerrime
1979 607 2078 652 ndit
2104 607 2215 652 nihil
2257 606 2354 651 uid·

413 677 546 719 quam
573 664 661 708 illis
688 661 888 707 versibus
918 663 1062 706 adseri
1064 666 1188 719 ptum
1218 662 1414 706 inveniri.
1473 663 1630 719 Itaque
1657 663 1900 708 rectissime
1960 620 2352 710 ‚Candiduszd

415 734 463 766 se
492 720 669 765 Marulli
707 721 755 765 ιιι
792 720 856 765 eis
887 720 1140 765 ordinandis
1170 720 1352 765 consilio
1394 720 1648 765 obsecutum
1686 734 1782 765 esse
1810 720 1947 773 dixit
1989 723 2066 779 qui
2094 724 2227 768 etiam
2256 722 2353 769 aliis

414 779 521 824 locis
550 778 783 836 permultis
813 793 965 823 versus
994 778 1062 822 vel
1091 778 1285 836 singulos
1314 777 1383 823 vel
1412 779 1656 836 complures
1699 780 2055 836 transponendus
2067 794 2176 826 esse
2203 782 2355 826 rectis-

415 839 523 881 sime
564 838 687 882 vidit.
747 837 876 881 Hunc
916 851 1017 881 vero
1056 838 1200 881 locum
1239 850 1327 881 non
1366 851 1548 893 prorsus
1589 842 1710 882 recte
1748 837 1962 883 Marullus
1995 842 2212 883 tractasse
2246 839 2354 884 mihi

412 895 599 939 videtur.
659 896 771 939 Nam
800 890 1030 939 Lucretius
1059 895 1161 939 inde
1191 909 1219 939 a
1247 910 1287 938 v.
1322 898 1408 939 503
1439 909 1577 952 usque
1606 895 1665 940 ad
1694 911 1733 940 v.
1766 898 1853 939 634
1882 901 2052 942 atomos
2082 911 2178 941 esse
2208 901 2352 941 osten-

413 953 492 1007 dit,
525 953 690 999 solidas
720 953 820 998 illas
835 958 969 1010 atque
999 957 1216 1008 aeternas,
1247 954 1294 997 in
1322 967 1434 1010 quas
1464 955 1611 998 omnia
1639 954 1924 1009 resolvantur,
1955 959 2006 999 ut
2033 955 2176 1000 denuo
2206 956 2352 1000 omnia

412 1025 467 1055 ex
497 1012 558 1057 eis
589 1016 863 1070 reparentur.
913 1011 1000 1055 Sed
1029 1016 1075 1055 et
1103 1011 1388 1056 formularum
1417 1013 1545 1066 ratio,
1577 1012 1736 1069 quibus
1763 989 1999 1057 transitum
2021 1014 2079 1058 ab
2107 1027 2195 1058 uno
2225 1027 2351 1070 argu·

410 1075 560 1116 mento
591 1072 649 1116 ad
679 1072 865 1115 alterum
894 1067 1026 1124 facit,
1073 1075 1118 1114 et
1149 1071 1465 1115 sententiarum
1494 1072 1609 1116 ratio
1649 1072 1748 1128 ipsa
1776 1071 2011 1117 ostendunt
2049 1072 2246 1117 ordinem
2283 1086 2353 1116 ar-

412 1134 718 1186 gumentorum
756 1129 984 1173 turbatum
1024 1142 1134 1173 esse
1194 1132 1258 1173 Ac
1287 1129 1499 1173 Marullus
1539 1134 1658 1174 recte
1696 1129 1869 1174 videtur
1895 1132 2196 1187 perspexisse,
2238 1145 2350 1189 quae

410 1205 449 1233 v.
484 1192 624 1234 551-
634 1193 719 1233 564
748 1192 794 1233 et
822 1205 861 1233 v.
895 1191 1130 1233 577—583
1166 1189 1393 1245 leguntur,
1436 1193 1481 1233 et
1523 1204 1681 1234 nexum
1724 1190 2038 1235 sententiarum
2072 1190 2253 1236 turbare
2307 1194 2352 1236 et

411 1248 656 1295 arctissime
684 1248 800 1293 inter
829 1260 877 1293 se
907 1246 1140 1293 cohaerere
1158 1283 1168 1303 ,
1200 1247 1238 1293 si
1267 1261 1368 1292 vero
1396 1248 1514 1293 inter
1540 1261 1588 1293 se
1618 1247 1924 1305 cohaererent,
1954 1248 2204 1307 particulis,
2234 1263 2349 1309 quae

412 1312 516 1351 sunt
539 1323 678 1364 porro
709 1322 748 1350 v.
783 1310 867 1349 577
900 1310 945 1350 et
978 1308 1161 1362 denique
1190 1323 1229 1350 v.
1264 1311 1346 1350 551
1363 1341 1373 1361 ,
1421 1309 1594 1351 ostendi
1622 1308 1702 1351 hos
1732 1322 1881 1351 versus
1922 1314 2023 1365 post
2050 1310 2150 1352 illos
2179 1311 2348 1365 positos

411 1366 560 1411 fuisse.
635 1366 720 1410 Sed
764 1365 883 1421 quod
923 1365 1136 1412 Marullus
1175 1381 1214 1409 v.
1249 1369 1497 1418 577-583.
1539 1369 1774 1409 551--564
1810 1371 1911 1422 post
1951 1383 1990 1411 v.
2023 1370 2109 1411 634
2139 1368 2350 1413 collocan-

411 1425 492 1469 dos
523 1439 617 1470 esse
649 1424 925 1477 existimavit,
958 1428 1097 1467 errat:
1128 1438 1230 1467 nam
1261 1438 1358 1467 cum
1389 1425 1465 1479 eis,
1496 1438 1608 1480 quae
1636 1439 1675 1467 v.
1709 1427 1957 1469 631—634.
1972 1425 2191 1483 leguntur:

754 1487 995 1538 propterea
1024 1483 1150 1537 quia,
1181 1497 1291 1538 quae
1320 1484 1470 1528 multis
1498 1487 1601 1527 sunt
1624 1483 1832 1538 partibus
1861 1489 2006 1539 aucta,
2051 1486 2057 1491 '

760 1555 848 1585 non
871 1545 1060 1595 possunt
1088 1555 1140 1584 ea
1170 1556 1280 1596 quae
1309 1542 1429 1586 debet
1454 1543 1660 1597 yenitalis
1687 1541 1844 1585 habere

761 1600 985 1653 materies,
1016 1601 1165 1643 varios
1196 1614 1402 1653 conexus,
1426 1601 1648 1655 pondera,
1673 1600 1858 1655 playas‚

764 1671 1012 1711 concursus,
1043 1663 1196 1711 motus,
1223 1673 1307 1712 per
1336 1673 1446 1713 quae
1475 1673 1546 1701 res
1575 1672 1766 1713 quaeque
1794 1660 2019 1712 yeruntur.

410 1716 654 1761 arctissime
669 1714 901 1760 cohaerent
921 1729 985 1769 ea,
1017 1716 1175 1772 quibus
1206 1716 1362 1760 deinde
1392 1716 1492 1760 inde
1522 1730 1550 1760 a
1578 1731 1617 1759 v.
1637 1718 1778 1759 635—
1787 1718 1868 1758 741
1896 1712 2123 1757 Lucretius
2140 1711 2350 1756 Heracliti

411 1779 456 1818 et
495 1774 770 1832 Empedoclis
810 1775 1051 1817 sententias
1091 1775 1285 1818 refutare
1328 1776 1508 1818 studuit.
1540 1777 1604 1818 Ac
1644 1788 1794 1817 versus
1823 1786 1918 1826 ece,
1961 1772 2118 1827 quibus
2147 1771 2255 1814 haec
2283 1784 2350 1813 re-

407 1833 567 1877 futatio
597 1833 869 1885 terminatur,
899 1847 940 1874 v,
973 1835 1222 1875 742—748:

754 1893 964 1946 primum,
997 1891 1115 1946 quod
1144 1895 1288 1935 motus
1320 1895 1522 1946 exempto
1553 1890 1684 1934 rebus
1715 1889 1835 1933 inani

762 1950 1046 2003 constituunt,
1079 1953 1122 1993 et
1152 1964 1223 1994 res
1254 1949 1396 1994 mollis
1426 1963 1637 2005 rarasque
1666 1946 1927 2005 relinquont‚

763 2022 882 2062 aera,
915 2008 1062 2063 solem,
1096 2010 1252 2065 ignem,
1285 2014 1441 2062 terras,
1473 2008 1694 2062 animalia,
1724 2007 1883 2064 fruges,

760 2082 840 2111 nec
868 2072 1015 2110 tamen
1045 2068 1285 2111 admiscent
1314 2068 1359 2110 in
1390 2081 1539 2110 eorum
1569 2081 1725 2123 corpus
1754 2067 1909 2121 inane;

759 2128 913 2169 deinde
944 2127 1059 2181 quod
1092 2128 1265 2170 omnino
1296 2126 1425 2169 finem
1455 2141 1542 2169 non
1573 2141 1670 2169 esse
1700 2124 1899 2168 secandis

761 2184 1016 2240 corporibus
1046 2185 1233 2238 faciunt,
1268 2199 1407 2240 neque
1439 2198 1621 2240 pausam
1651 2187 1770 2228 stare
1798 2181 1985 2239 fragori,

758 2257 834 2288 nec
864 2257 1066 2299 prorsum
1096 2243 1141 2287 in
1171 2243 1303 2288 rebus
1333 2243 1556 2286 minimum
1587 2242 1823 2286 consistere
1854 2241 2099 2298 quicquam,

406 2316 460 2345 ex
478 2301 686 2344 ·Lucretii
715 2316 834 2345 more
865 2316 916 2345 ac
932 2303 1244 2345 consuetudine
1277 2302 1473 2346 ordinem
1503 2306 1748 2344 monstrare
1777 2304 1957 2351 certum,
1989 2311 2076 2354 quo
2089 2300 2346 2364 argumenta

406 2360 687 2416 disposuerit,
718 2360 923 2405 Vilelmus
956 2360 1170 2404 Chr-istius
1201 2363 1286 2417 (qu.
1322 2361 1428 2404 lucr.
1460 2375 1502 2416 p.
1540 2361 1611 2417 13)
1641 2359 1881 2403 rectissime
1912 2356 2085 2402 videtur
2113 2355 2343 2409 monuisse,

406 2434 506 2462 nam
538 2418 672 2461 etiam
701 2418 747 2461 in
777 2434 924 2463 eorum
953 2424 1308 2475 argumentorum
1339 2419 1631 2468 multitudine,
1662 2431 1775 2474 quae
1802 2432 1840 2460 v.
1876 2418 2017 2460 503-
2023 2418 2108 2458 634
2139 2427 2342 2458 enarran-

407 2481 493 2528 tur,
524 2476 633 2521 haec
656 2477 743 2520 tria
774 2492 933 2533 genera
962 2477 1151 2522 discerni
1181 2492 1309 2534 posse
1340 2477 1459 2521 haud
1480 2477 1655 2521 difficile
1686 2480 1754 2520 est
1777 2475 1835 2519 ad
1863 2473 2202 2530 intelligendum.
2236 2471 2340 2515 Ter-

405 2536 469 2579 tio
499 2536 659 2592 generi,
689 2536 806 2592 quod
836 2551 875 2579 v.
909 2539 992 2579 748
1023 2536 1260 2591 indicatur,
1290 2551 1356 2580 vv
1391 2538 1624 2579 599—634
1651 2533 1914 2591 respondere
1943 2532 2219 2576 manifestum
2253 2534 2342 2574 est:

405 2595 452 2638 hi
478 2595 611 2650 igitur
640 2599 881 2638 extremum
898 2595 1038 2638 locum
1069 2596 1296 2639 obtineant
1314 2609 1490 2638 necesse
1521 2599 1600 2638 est.
1660 2593 1828 2637 Deinde
1856 2592 2001 2636 versui
2020 2594 2103 2634 743
2136 2605 2199 2646 sq.
2217 2589 2345 2645 paria

405 2667 459 2696 ea
489 2659 601 2707 sunt,
636 2667 747 2709 quae
778 2670 817 2698 v.
853 2656 935 2697 565
968 2669 1061 2711 sqq.
1094 2654 1387 2711 explicantur.
1417 2655 1567 2710 itaque
1595 2653 1675 2697 hos
1705 2667 1803 2696 cum
1833 2652 1919 2702 eis,
1951 2650 2027 2706 qui
2057 2649 2215 2693 similia
2244 2662 2343 2691 con·

404 2714 568 2766 tinent,
608 2714 749 2768 primo
786 2714 883 2758 loco
915 2714 1137 2769 ponendos
1177 2728 1273 2758 esse
1311 2717 1513 2781 apparet.
1573 2712 1750 2766 Restat,
1796 2714 1847 2755 ut
1874 2685 2116 2764 videamus,
2166 2707 2343 2765 quinam

375 2785 377 2788 ·
402 2785 554 2815 versus
583 2771 727 2815 verbis
876 2773 1028 2816 deinde
1059 2774 1174 2827 quod
1203 2774 1374 2817 omnino
1402 2774 1539 2827 finem
1568 2786 1655 2815 non
1685 2784 1773 2815 esse
1801 2769 2002 2814 secandis

877 2832 1131 2886 corporibus
1158 2833 1332 2886 faciunt
1360 2845 1495 2886 neque
1518 2844 1711 2886 pausam
1740 2833 1859 2873 stare
1886 2827 2061 2883 frayori

403 2888 712 2944 respondeant.
773 2890 837 2933 Ac
853 2890 1095 2933 rectissime
1109 2889 1323 2933 Christius
1342 2905 1380 2932 v.
1399 2893 1541 2932 577-
1553 2891 1637 2931 583
1669 2892 1713 2930 et
1731 2890 1868 2929 551-
1879 2888 1965 2928 564
1995 2899 2069 2928 eos
2091 2896 2185 2926 esse
2213 2880 2340 2923 intel-

402 2947 510 2989 lexit
540 2961 700 3002 eosque
726 2953 827 3003 post
842 2964 880 2991 v.
901 2951 986 2991 598
1005 2953 1284 2991 naturam—
1300 2947 1555 2990 inserendos
1572 2961 1666 2989 esse
1682 2944 1862 2988 censuit.
1922 2942 2064 2987 Unum
2094 2945 2241 2985 tamen
2262 2941 2342 2992 est,
