2767 3576
1359 129 1419 179 10

423 245 668 347 awz
699 239 824 357 5223
861 242 1251 346 ww
1281 242 2192 351 ffltfflm'fflnffswffi
2150 246 2364 352 w„

423 361 634 413 sunt‚nt
694 357 705 369 ‘
766 357 959 404 oscivix
1017 362 1167 405 noant.
1229 359 1292 407 Co
1338 358 2365 429 arricumhis,quaeeuumera‘vi‚etiamea

422 421 622 482 possunt,
649 430 765 475 quae
792 430 929 485 supra
956 429 987 461 a
1132 418 1202 464 ‘do
1229 419 1541 478 praetermissa
1568 432 1665 465 esse
1692 418 1897 466 adimunt
1926 422 1967 476 4,
2003 421 2113 466 1191
2146 424 2188 465 a
2214 420 2365 467 leuma-

422 479 495 522 m's
522 480 574 520 et
605 478 647 531 6,
680 478 776 534 568„
801 479 921 520 vent·
955 476 1037 521 vis.
2379 491 2381 494 ·

539 533 699 591 Itaque
741 533 832 578 iam
876 546 930 578 eo
974 547 1047 579 res
1091 533 1284 579 deducta
1328 538 1420 590 est,
1475 538 1527 580 nt
1569 535 1678 580 mihi
1719 535 1870 580 videar
1909 535 2006 580 inre
2047 535 2192 580 dicere
2233 548 2364 592 posse

423 593 615 640 codicem
651 592 946 638 victoriam
981 592 1225 649 aliq-nando
1251 593 1491 640 Michaelis
1518 593 1714 640 Marulli
1746 594 1887 650 fuisse
1915 598 1969 649 et,
2000 607 2278 651 quaeeunque
2313 594 2363 639 in

422 667 470 698 eo
501 653 645 698 codice
685 665 823 697 muna
860 653 1099 698 recentiore
1137 656 1331 698 correcta
1373 652 1781 708 misacha-tium,
1828 652 2075 699 Marullum
2115 653 2364 702 cor-remisse.

423 713 489 758 Ac
515 724 631 756 nunc
659 710 805 768 ipsum
834 710 1010 768 quidem
1038 710 1091 755 in-
1112 709 1289 756 vilelmi
1317 710 1498 757 Christii
1525 710 1662 757 verba
1687 710 1842 768 incidi,
1871 711 1948 770 qni
1976 725 2024 756 se
2082 725 2227 769 noque
2256 710 2363 757 dicit

425 774 610 828 (quaest.
637 770 794 814 lucret.
824 783 869 826 p.
891 770 938 827 7)
975 769 1211 839 aliquando
1239 769 1355 814 idem
1385 771 1654 828 suspicatum
1683 783 1806 824 esse,
1843 770 1922 815 sed
1949 769 2051 814 dein
2082 783 2107 814 e
2137 783 2234 814 eam
2264 784 2361 816 sen-
2447 766 2453 774 '

426 829 611 874 tentiam
646 826 884 883 abiecisse,
924 841 1065 886 neque
1098 842 1214 875 emm
1253 828 1486 874 verisimile
1515 842 1635 883 esse,
1674 827 1909 874 Marullum
1945 831 1985 886 3,
2013 830 2098 873 887
2132 829 2180 873 in
2220 828 2364 874 verbis

424 893 628 943 stansque
656 891 870 933 tacentem
897 900 943 931 se
978 887 1169 932 lacerari
1199 888 1324 932 urive
1351 888 1496 933 dolere
1530 887 1795 944 scripturum
1827 886 1964 932 fnisse
1998 888 2166 941 dolore,
2207 886 2365 931 deinde

427 950 468 1000 6,
491 947 578 989 878
605 945 791 1002 ylaciem
819 958 1035 1002 venasque
1061 946 1258 1001 relaxat,
1300 944 1489 1004 denique
1520 948 1562 1001 6,
1589 948 1700 990 1217
1730 959 1785 990 ne
1815 959 1958 991 acrem
1987 946 2151 991 exciret
2179 945 2362 999 odorem,

425 1006 464 1048 si
493 1005 541 1047 in
569 1003 740 1059 codice,
774 1016 901 1061 quem
931 1007 1168 1060 tractaret,
1199 1005 1410 1062 scriptum
1438 1005 1677 1063 reperisset
1706 1002 1895 1049 lacerari
1923 1004 2048 1049 urive
2077 1004 2241 1059 dolere,
2268 1003 2363 1061 yla·

425 1064 533 1106 ciem
571 1063 790 1117 nodosque
826 1063 1021 1115 relaxat,
1075 1068 1127 1106 ut
1166 1077 1309 1107 acret»
1348 1065 1489 1106 exiret
1525 1065 1720 1115 odorem,
1772 1076 1884 1119 quae
1923 1062 2100 1119 quidem
2137 1062 2283 1106 omnia
2320 1062 2368 1104 in

426 1119 576 1166 codice
609 1119 852 1165 victoriano
881 1133 910 1165 a
938 1119 1083 1177 prima
1116 1135 1249 1166 manu
1284 1125 1468 1166 exarata
1504 1125 1692 1166 exstant.
1766 1119 1854 1165 Sed
1884 1120 2001 1176 quod
2031 1119 2245 1165 Christius
2274 1119 2364 1163 Ma-

426 1178 587 1223 rullum
617 1178 834 1223 facturum
863 1177 998 1234 fuisse
1027 1183 1181 1236 negat,
1212 1178 1258 1224 id
1286 1192 1375 1224 non
1401 1180 1545 1224 minus
1565 1179 1723 1224 mirum
1745 1182 1814 1224 est
1833 1182 2119 1224 correctorem
2141 1177 2369 1223 victoriani

425 1238 604 1291 fecisse,
649 1250 798 1294 quem,
843 1238 1043 1293 quisquis
1082 1237 1187 1292 fuit,
1219 1237 1435 1281 hominem
1477 1238 1585 1282 satis
1616 1237 1835 1282 eruditum
1864 1240 1910 1281 et
1938 1236 2207 1295 ingeniosum
2236 1236 2369 1280 fuisse

426 1300 614 1349 apparet
642 1309 783 1350 neque
804 1294 1087 1350 descripsisse
1109 1300 1281 1337 tantum
1304 1300 1350 1339 et
1375 1296 1622 1338 describere
1647 1296 1855 1349 voluisse,
1914 1309 1998 1336 uae
2027 1296 2072 1336 in
2096 1294 2190 1336 alio
2219 1294 2367 1336 codice

426 1352 681 1407 invenisset,
713 1351 955 1401 existimari
983 1356 1143 1410 potest.
1204 1352 1268 1398 Ac
1289 1353 1464 1399 videtur
1487 1351 1700 1398 Marullus
1729 1351 1840 1398 locis
1954 1352 2012 1397 tis
2041 1356 2175 1396 tenax
2199 1367 2363 1405 eorum,

427 1424 541 1469 quae
570 1411 616 1455 in
646 1410 869 1456 codicibus
899 1411 1019 1467 aliis,
1051 1411 1127 1469 qui
1156 1425 1236 1469 pro
1267 1411 1336 1458 ius
1366 1425 1395 1457 a
1423 1411 1707 1457 similitudine
1737 1410 1961 1469 archetypi
1990 1410 2213 1465 abessent,
2244 1409 2364 1467 prius

426 1470 685 1525 invenisset,
716 1471 992 1516 coniecturas
1023 1471 1206 1516 aliorum
1260 1472 1472 1527 talorum,
1514 1471 1693 1516 Antonii
1721 1470 1852 1516 Marii
1880 1470 1959 1515 filii
1989 1471 2163 1529 (ηοιῖοει
2192 1484 2290 1514 cum
2319 1469 2366 1513 in

430 1530 629 1586 Oblongo
670 1533 716 1573 et
754 1529 980 1582 Quadrato
1030 1531 1163 1575 nobos
1200 1531 1301 1587 sit),
1350 1531 1554 1575 editionis
1592 1531 1822 1575 brixiensis
1862 1531 2039 1587 (πίνεις
2091 1529 2167 1581 OQ
2205 1529 2369 1573 exciret

427 1588 634 1646 habent),
666 1588 853 1633 aliorum
903 1589 1066 1634 dolere:
1097 1589 1173 1642 OQ
1192 1590 1340 1634 dolore
1361 1589 1601 1647 exhibent),
1631 1590 1845 1646 sprevisse
1869 1592 1914 1633 et
1934 1588 2207 1633 coniecturae
2228 1587 2370 1631 aleam

428 1648 670 1704 periclitari
699 1648 794 1703 ipse
822 1662 866 1691 m
912 1648 1042 1692 uisse.
1088 1647 1186 1692 Sive
1208 1647 1421 1693 Marullus
1452 1649 1541 1692 sive
1569 1652 1791 1692 corrector
1818 1662 1873 1691 ne
1902 1662 2047 1691 acrem
2074 1648 2237 1691 exciret
2265 1645 2366 1689 odo-

426 1721 520 1750 rem
549 1706 738 1749 scribere
767 1705 926 1760 voluit,
958 1720 1009 1750 eo
1039 1708 1178 1764 magis
1204 1707 1313 1751 illud
1341 1708 1499 1751 mirum
1529 1711 1616 1760 est,
1659 1720 1757 1750 cum
1786 1705 1843 1750 ad
1875 1708 1915 1760 5,
1950 1707 2061 1749 1329
2090 1719 2192 1749 nam
2223 1709 2367 1749 trans·

426 1778 556 1808 versa
582 1766 701 1819 feros
730 1765 908 1808 exibant
937 1766 1078 1809 dentis
1107 1767 1290 1810 adactus
1317 1765 1426 1809 haec
1454 1766 1500 1808 in
1529 1765 1724 1821 margine
1753 1764 1965 1808 adnotata
2006 1763 2221 1820 legamus:
2265 1762 2366 1804 ‘exi-

428 1822 552 1867 bant.
583 1823 645 1866 sic
675 1826 720 1865 et
748 1822 944 1879 virgilius
975 1838 1154 1878 corpore
1184 1825 1271 1869 tela
1300 1825 1425 1869 modo
1456 1829 1584 1879 atque
1612 1824 1748 1868 oculis
1774 1823 2056 1879 vigilantibus
2084 1822 2199 1866 exit’.
2241 1821 2366 1877 (Aen.

431 1885 470 1936 5,
504 1880 625 1939 438).
658 1879 743 1925 Sed
771 1881 817 1925 in
846 1894 895 1926 re
924 1882 1078 1926 critica
1105 1882 1311 1928 faciunda
1350 1881 1585 1939 aliquando
1615 1882 1748 1927 etiam
1778 1881 1893 1926 acies
1933 1879 2156 1927 oculorum
2189 1878 2368 1936 ingenii·

429 1954 514 1997 que
545 1941 756 1982 acerrima
772 1940 973 1995 caecutit,
1004 1940 1120 1984 haud
1144 1955 1268 1991 secus
1299 1945 1431 1998 atque
1459 1942 1655 1985 homines
1686 1941 1818 1985 etiam
1848 1939 2210 1997 prudentissimos
2238 1936 2369 1982 offen-

368 2030 375 2037 .
429 1999 534 2042 dere
563 1999 609 2040 in
638 2012 686 2040 re
715 1998 876 2051 videas,
907 2013 1021 2054 quae
1050 1991 1168 2043 haxid
1197 2000 1385 2043 difficilis
1416 2000 1514 2043 aliis
1545 2014 1640 2043 esse
1667 1999 1851 2042 videtur.
1977 2030 1982 2034 -
2118 2040 2129 2049 ,

546 2055 702 2111 Itaque
730 2057 896 2100 maiore
927 2056 1060 2101 etiam
1088 2059 1184 2102 iure
1198 2093 1208 2112 ,
1251 2072 1382 2115 quam
1412 2058 1622 2114 Iosephus
1654 2056 1846 2113 Scaliger
1884 2056 1943 2100 ad
1973 2055 2135 2099 Catulli
2167 2068 2204 2098 c.
2238 2056 2292 2096 66
2322 2067 2363 2096 v.

430 2117 487 2158 94
518 2116 581 2172 (p.
615 2116 690 2170 93)
728 2115 941 2159 iuntinam
970 2114 1147 2161 Marulli
1185 2116 1419 2161 editionem
1457 2117 1675 2169 nominat,
1717 2115 1906 2161 codicem
1948 2114 2246 2159 victorianum
2275 2110 2367 2155 Ma-

427 2173 530 2218 rulli
559 2174 734 2218 nomine
777 2174 1044 2220 ornabimus.
1103 2176 1216 2221 Eum
1246 2190 1348 2221 vero
1386 2179 1541 2233 postea
1577 2175 1636 2220 ad
1663 2175 1840 2220 Petrum
1870 2173 2110 2219 Victor-ium
2144 2171 2368 2217 devenisse

429 2247 527 2276 cum
557 2233 603 2276 in
633 2233 859 2277 notissimo
888 2233 964 2278 illo
993 2235 1179 2280 hominis
1207 2235 1466 2280 nobilissimi
1496 2235 1706 2279 librorum
1735 2247 1883 2278 amore
1912 2246 1992 2289 per
2020 2246 2067 2276 se
2094 2245 2182 2275 non
2210 2231 2370 2274 mirum

431 2292 508 2345 sit,
555 2296 652 2335 tum
682 2291 863 2335 Victorii
892 2306 990 2336 cum
1020 2294 1247 2338 Iuntarum
1277 2294 1464 2347 familia,
1505 2308 1559 2337 ex
1598 2308 1783 2350 quorum
1823 2292 1996 2336 officina
2036 2304 2174 2347 paene
2219 2302 2366 2333 omnes

432 2350 525 2394 eius
555 2350 659 2395 libri
688 2350 804 2406 typis
833 2350 1040 2409 descripti
1070 2352 1326 2409 prodierunt
1339 2388 1349 2407 ,
1390 2351 1600 2397 diuturna
1628 2351 1874 2397 coniunctio
1904 2350 2048 2411 facere
2077 2347 2251 2393 videtur
2264 2382 2274 2402 ,
2315 2349 2366 2390 ut

432 2410 562 2452 etiam
593 2408 833 2452 faciliorem
860 2409 969 2454 illud
998 2411 1259 2468 explicatum
1288 2411 1465 2455 habeat.
1606 2421 1609 2424 '
2270 2410 2273 2414 ’

547 2467 651 2520 Nec,
683 2468 721 2510 si
739 2466 984 2513 hominibus
1014 2470 1153 2514 doctis
1177 2471 1231 2513 de
1261 2470 1535 2514 coniecturae
1551 2482 1674 2512 meae
1696 2468 1881 2512 veritate
1900 2478 2174 2523 persuasero,
2208 2475 2367 2519 operae

434 2525 480 2568 in
510 2525 641 2569 rebus
671 2525 971 2572 minutissimis
1001 2528 1307 2586 conquirendis
1335 2528 1507 2585 positae
1535 2541 1605 2571 me
1632 2525 1886 2584 poenitebit.
1946 2523 2139 2568 Primum
2167 2522 2281 2567 enim
2301 2519 2368 2564 vel

431 2583 536 2628 illud
569 2585 706 2629 Suum
736 2585 890 2640 cuique
918 2591 1086 2643 monet,
1116 2593 1167 2632 ut
1196 2588 1373 2641 rectius,
1404 2601 1535 2644 quam
1563 2586 1705 2631 adhuc
1733 2586 1895 2630 factum
1928 2587 2008 2636 est,
2040 2596 2153 2639 quae
2181 2579 2367 2625 Marullo

432 2642 668 2689 tribuenda
697 2644 808 2699 sint,
842 2659 954 2701 quae
982 2662 1071 2692 non
1101 2648 1209 2702 sint,
1250 2646 1568 2692 discernantur.
1630 2644 1812 2691 Carolus
1843 2644 1956 2690 enim
1986 2640 2289 2687 Lachmannus
2317 2637 2368 2683 P.

434 2701 619 2746 Candidi
650 2703 918 2760 professione
948 2706 1068 2751 nisus
1082 2741 1092 2761 ,
1134 2720 1246 2765 quae
1274 2706 1321 2751 in
1349 2705 1521 2751 iuntina
1548 2705 1692 2762 prima
1720 2703 1956 2750 invenisset
1969 2736 1979 2756 ‚
2010 2700 2154 2764 omnia
2178 2698 2367 2744 Michae-

431 2762 487 2804 lis
517 2761 693 2804 Marulli
723 2776 818 2805 esse
861 2763 986 2807 dixit.
1047 2765 1133 2809 Sed
1155 2764 1390 2822 permulta
1433 2778 1584 2808 eorum
1622 2765 1711 2807 iam
1750 2764 1796 2806 in
1839 2762 1987 2806 codice
2026 2773 2106 2804 suo
2134 2756 2367 2802 Marullum

433 2819 601 2876 scripta
637 2820 850 2864 invenisse
890 2836 1005 2867 nunc
1043 2824 1182 2867 intelli
1215 2824 1323 2868 ‘mus
1336 2858 1346 2875 ,
1401 2822 1520 2867 haud
1562 2835 1702 2879 pauca
1741 2824 1895 2866 contra
1934 2817 2164 2863 Marullum
2206 2815 2369 2860 dudum

431 2883 549 2922 recte
580 2879 882 2936 constituisse,
928 2895 1043 2938 quae
1082 2887 1185 2926 ante
1218 2896 1269 2926 ac
1309 2881 1384 2926 alii
1421 2886 1523 2938 post
1561 2894 1661 2924 eum
1699 2879 1954 2924 emendasse
1994 2875 2366 2930 existimabantur,
