2767 3576
1387 217 1418 264 8

702 339 842 383 multa
872 339 1066 382 videmus
1095 340 1210 382 enim
1240 339 1371 383 rebus
1401 348 1657 392 concurrere
1685 341 1828 383 debere
1841 373 1853 393 ,

701 397 751 439 ut
778 395 1060 451 promendo
1088 396 1260 451 possint
1285 396 1526 451 procudere
1556 397 1713 442 saecla.
1752 421 1755 424 -

430 451 502 498 Gi.
531 451 709 498 Laclim.
739 452 799 498 ad
829 454 870 506 2,
905 445 1002 498 118⁹.
1062 452 1191 509 Apud
1219 452 1447 499 Horatium
1477 452 1546 499 bis
1576 454 1639 511 (S.
1665 457 1702 499 1.
1734 458 1776 508 4,
1802 457 1872 499 96.
1904 457 1945 508 6,
1970 454 2073 512 102)
2118 455 2371 512 invenimus,

437 521 540 552 uam
566 510 726 564 reliqui
754 511 862 561 eius,
893 511 982 563 qui.
998 515 1317 564 comparantur,
1347 512 1432 552 loci
1461 524 1489 552 a
1517 512 1822 553 vocabulorum
1841 512 2018 554 licentia
2037 514 2372 568 compositorum

430 565 759 631 excusationem
787 564 964 609 habent.
1025 566 1076 609 In
1106 566 1373 612 senariorum
1402 580 1505 610 vero
1534 566 1692 611 finibus
1720 581 1860 621 neque
1888 558 2092 612 Plautum
2119 582 2259 623 neque
2288 571 2371 613 Te-

434 625 626 668 rentium
654 621 879 668 elisionem
909 621 1066 668 literae
1104 622 1265 668 vocalis
1300 622 1529 668 admisisse
1571 636 1683 669 nuuc
1724 624 1836 669 satis
1875 627 2045 678 constat
2058 659 2070 677 ,
2111 638 2212 671 uam
2252 626 2372 671 locos

428 678 654 734 Terentii,
696 690 805 735 quos
836 678 884 724 C.
914 679 1216 725 Lachmannus
1245 679 1273 723 l.
1305 680 1346 725 d.
1379 679 1530 725 attulit
1543 713 1555 735 ,
1585 680 1679 725 iure
1709 692 1821 726 nunc
1851 683 2068 727 correctos
2098 693 2195 727 esse
2225 695 2279 728 ex
2308 683 2372 729 eis

436 741 646 791 apparet,
677 749 788 791 quae
819 737 1025 792 deinceps
1055 738 1108 780 de
1135 737 1357 780 vocabulis
1385 738 1475 781 illis
1504 738 1742 792 procliticis
1772 738 1955 782 dicenda
1984 743 2097 782 sunt.
2157 739 2269 783 Nam
2298 753 2370 784 co·

434 794 536 838 mici
565 794 689 838 latini
719 794 892 837 omnino
922 797 1140 846 caverunt,
1174 807 1255 849 „nc
1284 795 1330 837 in
1358 807 1560 839 versuum
1588 793 1715 838 finem
1743 796 1843 838 novi
1871 796 2083 840 enuntiati
2113 797 2283 841 initium
2304 799 2369 841 in-

439 851 605 895 cideret
619 885 629 903 ,
668 851 929 905 praesertim
959 852 997 895 si
1026 851 1071 895 id
1100 851 1246 906 aliqua
1275 852 1573 909 coniunctione
1603 850 1755 896 fieret“
1796 851 1960 908 (verbis
1988 853 2036 896 F.
2058 853 2228 898 Ritschl
2255 859 2369 908 utor,

436 908 601 964 proleg.
633 908 871 953 Trinummi
901 922 942 963 p.
974 908 1194 962 CCXCV).
1256 909 1397 964 Atque
1427 909 1670 954 rectissime
1699 909 1773 953 ille
1802 909 1938 953 multo
1966 911 2105 965 magis
2145 910 2191 955 id
2232 926 2259 956 a
2301 925 2369 956 se-

437 966 574 1011 nariis
603 965 841 1012 abhorrere
871 965 1058 1019 addidit,
1088 966 1327 1021 particulas
1357 967 1490 1022 igitur
1503 1001 1514 1020 ,
1545 967 1696 1023 quales
1725 972 1776 1018 et,
1805 970 1893 1023 aut,
1921 972 1984 1023 ut,
2011 981 2076 1024 ne,
2105 981 2182 1013 nec
2210 973 2368 1023 essent,

438 1023 546 1066 ferri
575 1024 621 1066 in
650 1024 770 1066 exitu
800 1023 1066 1066 senariorum
1096 1035 1181 1066 non
1209 1035 1350 1078 posse.
1413 1024 1663 1067 Terentium
1692 1024 1865 1079 quidem
1895 1028 1941 1067 et
1969 1024 2122 1069 harum
2147 1026 2370 1070 similium-

437 1081 520 1133 que
551 1081 861 1134 particularum
892 1084 938 1121 et
965 1092 1070 1133 prae
1130 1080 1333 1122 sitionum
1362 1093 1487 1123 usum
1527 1082 1570 1122 in
1600 1080 1782 1134 pedibus
1811 1081 2079 1124 senariorum
2109 1084 2243 1125 sextis
2271 1096 2371 1125 con-

438 1140 609 1179 stanter
638 1136 859 1188 defugisse
890 1136 1030 1178 C*⁴C*6.
1031 1093 1162 1178 nrafit
1190 1149 1235 1177 m
1266 1126 1453 1179 Hermae
1493 1137 1778 1179 berolinensis
1806 1138 1888 1179 vol.
1924 1141 1978 1179 10
2005 1151 2048 1190 p.
2074 1142 2156 1180 106
2177 1152 2270 1193 sqq.
2299 1153 2371 1181 ac-

439 1193 712 1237 curatissime
743 1191 946 1236 ostendit.
1017 1190 1182 1243 Quibus
1211 1193 1438 1246 particulis
1469 1192 1626 1236 deletis
1655 1205 1807 1237 versus
1835 1192 1900 1236 illi
1929 1194 2223 1247 concatenati,
2263 1208 2370 1249 quos

438 1249 877 1301 commemoravimus,
908 1260 1056 1293 omnes
1086 1249 1300 1294 tolluntur
1329 1253 1460 1305 atque
1489 1262 1544 1294 ne
1573 1249 1763 1295 Andriae
1794 1249 1966 1305 quidem
1995 1251 2203 1296 creticum
2232 1256 2272 1296 4.
2294 1256 2331 1305 l,
2344 1255 2370 1296 9

436 1320 575 1362 neque
606 1307 873 1350 trochaicum
917 1307 1114 1350 Eunuchi
1145 1311 1186 1348 4.
1222 1311 1258 1359 1,
1293 1311 1341 1349 11
1376 1320 1472 1351 cum
1502 1308 1777 1351 Lachmanno
1815 1307 2019 1351 ferendos
2039 1321 2158 1357 ,esse
2200 1321 2370 1362 censeo,

439 1365 518 1408 sed
548 1365 671 1408 illum
699 1368 741 1406 et
769 1365 918 1405 timent
948 1368 989 1406 et
1019 1368 1157 1406 tamen
1190 1377 1258 1406 res
1278 1366 1440 1417 premit
1474 1366 1679 1418 denegare
1722 1364 1777 1407 ab
1819 1365 2059 1418 interprete
2105 1366 2371 1420 adscriptum

439 1434 537 1466 esse
569 1422 619 1464 A.
652 1420 906 1464 Fleckeisen
935 1420 1044 1464 vidit
1085 1421 1140 1464 ad
1182 1433 1279 1464 eum
1294 1455 1304 1473 ,
1347 1422 1421 1476 qui
1450 1421 1695 1476 praecedit:
1743 1424 1831 1464 tum
1875 1421 2011 1464 coacti
2051 1423 2286 1466 necessario
2327 1437 2373 1466 se

436 1479 663 1533 aperiunt,
693 1491 791 1522 nam
804 1511 814 1530 ,
845 1478 919 1532 qui
948 1478 1099 1532 optimi
1130 1482 1231 1521 sunt
1258 1479 1303 1522 in
1333 1479 1522 1531 Andria,
1554 1479 1723 1523 codices
1753 1478 2029 1529 Victorianus
2059 1479 2099 1522 D
2133 1483 2180 1523 et
2207 1480 2371 1524 Decur-

435 1540 557 1581 tatus
585 1536 625 1580 G
652 1534 838 1587 habent,
881 1547 964 1589 quo
994 1534 1103 1579 haec
1134 1535 1381 1579 coniectura
1411 1536 1653 1580 certissime
1684 1534 1979 1579 confirmetur:
2024 1537 2068 1579 in
2097 1537 2173 1580 illo
2202 1541 2271 1581 est
2299 1550 2371 1581 res

433 1595 543 1648 coyit
579 1607 650 1637 eos
677 1593 884 1646 deneyare
897 1624 908 1646 ,
950 1593 994 1635 in
1024 1592 1105 1635 hoc
1147 1605 1215 1635 res
1235 1594 1397 1646 premit
1427 1607 1497 1636 eos
1526 1594 1747 1645 deneyare.
1808 1592 1931 1643 Quod
1961 1593 2011 1635 A.
2043 1594 2229 1648 Spengel
2268 1594 2369 1637 sub-

435 1651 607 1696 stituit:
638 1654 679 1693 et
709 1650 857 1692 timent
884 1650 1112 1705 deneyare:
1145 1653 1183 1691 et
1214 1654 1357 1692 tamen
1387 1663 1457 1694 res
1480 1651 1642 1705 premit
1672 1653 1718 1693 et
1748 1662 1774 1693 a
1802 1649 1924 1693 codd.
1957 1650 2215 1705 optimorum
2237 1651 2368 1695 vesti-

434 1709 519 1763 giis
548 1709 675 1751 nimis
704 1707 871 1750 recedit
899 1719 1037 1761 neque
1068 1707 1301 1760 quidquam
1339 1708 1463 1750 addit
1477 1741 1487 1759 ,
1534 1708 1647 1761 quod
1685 1720 1769 1749 non
1808 1708 1852 1748 in
1895 1708 2039 1760 priore
2081 1721 2209 1752 versu
2251 1709 2368 1751 insit.

434 1765 634 1809 Eunuchi
661 1777 764 1808 vero
793 1775 966 1807 versum
995 1763 1147 1808 Franc.
1180 1763 1324 1819 Guyet
1353 1764 1498 1808 deleta
1527 1776 1630 1807 voce
1644 1797 1655 1816 ,
1686 1776 1794 1817 quae
1826 1766 1895 1806 est
1922 1763 2156 1816 exclamat,
2199 1764 2369 1809 facilius

435 1822 632 1865 restituit
661 1833 788 1875 quam
819 1821 871 1863 G.
903 1820 1198 1872 Hermannus,
1229 1822 1301 1874 qui
1332 1833 1429 1864 cum
1458 1822 1502 1863 in
1533 1820 1752 1863 codicibus
1782 1823 1920 1862 esset:

645 1878 780 1920 voluit
807 1877 949 1929 facere
978 1881 1129 1919 contra
1158 1876 1256 1919 huic
1285 1891 1437 1932 aeyre:
1471 1877 1616 1931 ‘heus’
1644 1876 1788 1931 inquit
1815 1889 1990 1932 (puero,
2020 1876 2296 1930 Pamphilam

647 1948 823 1984 accerse,
855 1938 902 1976 ut
932 1934 1101 1976 delectet
1128 1933 1197 1976 hic
1225 1935 1336 1976 nos'.
1373 1934 1453 1976 illa
1485 1934 1693 1977 exclamat
1726 1934 1939 1987 „minume
1964 1934 2193 1986 yentium.“

435 1991 568 2035 scribi
598 1991 762 2035 voluit:

643 2049 783 2102 facere
813 2051 962 2090 contra
993 2048 1092 2089 huic
1121 2060 1269 2102 aeqre:
1301 2046 1447 2102 ⁴heus'
1477 2048 1619 2102 inquit
1648 2085 1658 2103 ι
1666 2060 1796 2100 puer,
1826 2058 1994 2088 accerse
2020 2046 2308 2101 Pamphilam,

646 2109 694 2147 ut
723 2105 896 2147 delectet
922 2105 990 2147 hic
1020 2105 1130 2146 nos'.
1176 2104 1256 2146 illa
1284 2105 1495 2146 eoeclamat
1528 2106 1738 2159 „minume
1764 2103 1993 2157 yentium.“

436 2164 523 2207 Sed
553 2168 603 2207 ut
633 2163 690 2206 ad
720 2162 1040 2206 coniunctiones
1065 2162 1163 2204 illas
1183 2161 1376 2213 redeam,
1408 2175 1461 2204 ne
1483 2161 1699 2216 Vergilius
1720 2160 1893 2215 quidem
1913 2160 1977 2203 eis
1997 2159 2043 2203 in
2062 2159 2145 2204 fine
2167 2174 2368 2205 versuum

436 2233 625 2274 unquam
653 2232 759 2263 usus
789 2223 877 2270 est,
919 2231 1162 2272 quanquam
1192 2218 1537 2271 praepositiones
1566 2218 1633 2260 bis
1663 2222 1785 2260 terve
1814 2218 1878 2259 ita
1908 2218 2076 2270 posuit,
2118 2222 2169 2260 ut
2197 2230 2369 2261 versum

435 2278 625 2331 priorem
656 2276 873 2327 claudant,
903 2275 1112 2328 incipiant
1143 2275 1382 2330 proximum
1413 2274 1697 2325 substantiva,
1730 2274 1786 2317 ad
1816 2286 1927 2327 quae
1958 2274 2199 2326 pertinent:
2233 2274 2301 2317 AE.
2331 2278 2369 2326 1,

437 2338 548 2377 667:
581 2334 726 2376 omnia
758 2333 918 2375 circum
945 2330 951 2389 Ι
979 2332 1109 2374 litora
1136 2336 1182 2374 et
1206 2336 1271 2384 10,
1295 2335 1404 2374 890:
1436 2336 1477 2374 et
1505 2333 1618 2375 inter
1645 2330 1652 2388 Ι
1678 2330 1895 2373 bellatoris
1925 2332 2022 2385 equi
2052 2344 2154 2374 cava
2184 2336 2371 2385 tempora

435 2393 605 2434 coniicit
645 2391 826 2433 hastam.
889 2390 1030 2440 Quare
1060 2389 1113 2431 N.
1146 2389 1350 2442 Madvigii
1382 2389 1653 2439 coniectura,
1700 2389 1772 2441 qui
1814 2388 2000 2442 (advers.
2035 2389 2129 2431 crit.
2164 2392 2188 2430 2
2221 2403 2262 2442 p.
2297 2388 2370 2441 38)

437 2449 588 2492 addita
619 2447 835 2501 particula
865 2451 906 2489 et
934 2446 1002 2489 AE.
1035 2450 1075 2498 6,
1108 2449 1218 2488 601:

795 2503 908 2557 Quid
935 2516 1155 2546 memorem
1186 2502 1423 2556 Lapithas,
1456 2502 1613 2545 Ioeiona
1645 2501 1989 2555 Pirithoumque,
2021 2506 2061 2544 et

786 2573 868 2627 quo
896 2573 1026 2657 {⁹²⁴1}oe
1038 2559 1291 2658 ἆιεγαῖξῐίω)
1320 2559 1499 2601 iamiam
1529 2559 1710 2612 lapsura
1739 2557 1991 2613 cadentique

785 2631 961 2659 immtne
1009 2632 1036 2658 a
1067 2630 1167 2658 Slm‘l
1186 2630 1238 2657 ts.

439 2676 570 2719 scribi
600 2677 749 2726 iussit,
786 2674 893 2717 ferri
922 2686 1006 2716 non
1036 2677 1194 2726 potest.
1255 2672 1436 2715 Accedit
1465 2684 1566 2713 vero
1597 2671 1653 2714 ad
1682 2671 1941 2724 particulam
1972 2670 2241 2724 procliticam
2272 2682 2371 2711 con-

439 2737 510 2776 tra
530 2732 711 2786 Vergilii
742 2729 1094 2775 consuetudinem
1125 2730 1305 2779 illatam,
1337 2728 1449 2782 quod
1480 2727 1625 2780 paullo
1655 2731 1756 2781 post
1784 2740 1823 2770 v.
1847 2730 1931 2770 616
1950 2739 2014 2780 sq.
2049 2738 2189 2780 poena
2212 2725 2372 2768 Ixionis

443 2792 813 2834 commemoratur.
875 2787 1018 2840 Quare
1048 2786 1153 2829 mihi
1183 2785 1354 2842 quidem
1385 2785 1435 2828 O.
1468 2783 1694 2828 Ribbeckii
1725 2784 1943 2828 sententia
1972 2783 2225 2838 (prolegom.
2240 2793 2280 2836 p.
2296 2781 2371 2836 62)

440 2848 497 2888 de
526 2848 606 2888 hoc
636 2848 731 2889 loco
762 2845 1000 2899 probabilis
1028 2844 1200 2886 videtur
1231 2856 1339 2885 esse.
1415 2843 1643 2884 Horatium
1683 2846 1834 2883 contra
1875 2841 2011 2882 multo
2051 2841 2095 2880 in
2133 2840 2201 2881 his
2243 2839 2373 2880 rebus

441 2903 687 2945 liberiorem
718 2902 852 2945 fuisse
893 2900 1186 2952 intelligimus.
1255 2899 1366 2941 Nam
1398 2903 1443 2941 et
1472 2897 1816 2950 praepositiones
1847 2896 1890 2937 in
1922 2895 2032 2947 pede
2064 2899 2186 2937 sexto
2216 2895 2375 2947 posuit,
