2767 3576
1373 165 1437 215 14

448 281 730 340 quaecunque
758 279 885 326 fiunt.
923 278 1031 325 Hac
1057 278 1231 324 ratione
1257 278 1436 324 videtur
1463 278 1599 324 etiam
1628 279 1692 326 eis
1736 278 2086 330 dubitaflom‘bus
2116 286 2390 334 ιιιὶοἰιοὴιιιι

449 353 561 398 esse,
594 351 708 398 quas
738 338 813 384 Fr.
845 336 1064 383 Susemibl
1090 336 1300 394 philologi
1334 339 1387 380 14
1415 349 1459 394 p.
1492 339 1578 381 ⁶54
1606 336 1808 395 protulit.
2146 348 2150 352 ’

701 406 784 454 Th.
797 420 901 454 vero
913 405 1131 466 Bergkius
1151 405 1199 466 (1.
1214 406 1257 451 d.
1269 419 1313 466 p.
1331 405 1436 465 319)
1457 406 1591 452 etiam
1606 406 1706 453 aliis
1721 406 1831 454 locis
1850 410 1980 455 notas
2000 405 2213 467 quasdam
2227 409 2392 459 Valerii

447 490 481 527 ο
621 465 780 511 Probi
807 467 855 511 in
881 465 1030 510 codice
1057 465 1296 526 victoriano
1327 476 1555 522 superesse
1582 464 1816 512 existimat.
1873 465 1988 512 Nam
2015 465 2202 514 eumad
2230 468 2272 524 2,
2303 470 2390 514 578

646 527 810 569 -580.
845 526 1020 580 4‚1066
1037 524 1132 569 Nec
1169 523 1345 568 Veneris
1370 525 1523 579 fructu
1549 548 1623 568 —.
1661 527 1702 579 ὃ,
1725 526 1837 569 1115
1867 525 1985 582 quod
2009 527 2052 571 si
2079 526 2245 584 quis—
2277 525 2391 571 hanc

650 587 815 636 nota-Q
844 584 979 639 quam
1003 589 1032 627 a
1048 580 1316 639 xylographo
1342 580 1562 626 redditam
1582 580 1654 626 hic
1682 580 1813 638 addo,
1840 582 1889 627 in
1911 598 1997 641 mg.
2026 585 2275 642 appositam
2292 598 2389 629 esse

648 641 830 687 vidisset
857 639 1032 700 (eadem
1060 640 1265 698 etiam‚6,
1283 641 1341 684 3⁵
1368 637 1621 698 reperitur),
1649 640 1880 688 videbatur
1908 641 1995 687 sibi
2021 646 2151 688 notas
2180 649 2231 696 ><
2262 646 2308 688 et

447 699 522 756 (cf.
567 699 761 745 Isidorus
816 702 861 754 1,
878 702 936 744 20
998 700 1249 744 coniunctas
1280 710 1529 755 agnoscere.
1589 699 1653 744 Ac
1691 699 1747 745 de
1783 698 1952 755 altera,
1994 703 2212 759 quaeest·
2238 706 2304 757 χ,

449 773 547 804 cum
566 772 619 803 eo
636 757 861 803 consentio
885 760 904 807 (
950 792 960 801 .
975 757 1031 802 Η.
1047 756 1262 802 Schrader
1278 756 1333 801 de
1347 757 1575 802 notatione
1591 758 1746 803 critica
1762 762 1845 803 etc.
1865 773 1909 817 p.
1930 761 1983 802 16
1995 759 2125 817 sqq.),
2155 758 2232 804 sed
2245 758 2388 805 altera

447 827 545 862 cum
560 832 613 862 ea
631 818 863 862 coniuncta
880 816 1074 862 dubitari
1102 830 1190 861 non
1201 818 1349 873 potest
1378 816 1484 873 quin
1625 817 1698 873 sit,
1728 817 1783 862 de
1800 832 1888 875 qua
1901 821 2008 862 nota
2020 818 2068 862 in
2089 817 2183 876 cod.
2197 816 2386 863 laurent.

447 877 536 934 (59,
555 878 610 921 38
633 875 706 922 fol.
720 878 808 921 428
821 876 964 932 verso)
983 874 1146 921 saeculi
1167 874 1310 931 quinti
1330 873 1485 920 decimi
1622 874 1671 920 G.
1690 875 2044 935 Wachsmuthius
2071 876 2118 921 in
2147 891 2257 921 mus.
2288 876 2385 922 rhe-

446 949 546 978 nan.
559 934 643 979 vol.
668 937 721 978 18
736 948 780 992 p.
807 936 890 978 180
914 933 1022 978 haec
1050 932 1218 977 tradita
1256 946 1352 977 esse
1382 937 1482 978 retu
1619 934 1693 979 lit:
1729 935 1775 978 τὸ
1806 934 1971 993 &putor
1999 936 2210 987 τέτακται,
2246 934 2296 978 ὃν
2323 933 2387 986 οἷς

444 995 617 1050 χωρίοις
665 991 692 1051 ἧ
738 994 898 1050 φράσις
940 990 1286 1034 mammam
1322 992 1352 1048 ἢ
1382 993 1435 1034 π)
1476 996 1619 1052 νόημα
1664 993 1915 1051 &woman
1965 994 1995 1062 q
2033 997 2107 1036 καὶ
2156 992 2384 1051 ἀμφότερα

444 1049 736 1108 vineatorem.
779 1051 929 1107 Neque
957 1065 1060 1095 vero
1077 1063 1152 1094 eas
1182 1053 1310 1094 notas
1340 1049 1399 1093 ad
1413 1051 1634 1097 Valerium
1647 1051 1841 1096 Probum
1869 1056 2089 1108 pertinere
2109 1066 2250 1107 neque
2272 1052 2383 1095 anti·

442 1123 554 1166 quas
584 1123 682 1155 esse
701 1108 877 1154 concedi
904 1107 1091 1165 Bergkio
1122 1111 1281 1164 potest,
1313 1121 1415 1153 nam
1437 1108 1692 1168 Pluygersio
1721 1114 1835 1155 teste
1864 1124 1917 1155 ne
1946 1109 2103 1155 harum
2131 1109 2307 1166 quidem
2335 1110 2383 1160 in

443 1167 668 1213 codicibus
698 1167 887 1224 oblongo
917 1171 963 1211 et
1002 1165 1221 1224 quadrato
1251 1165 1390 1210 ullum
1420 1169 1651 1226 vestigium
1680 1172 1837 1213 exstat.
1908 1168 2054 1213 Etiam
2083 1169 2164 1213 has
2192 1168 2326 1225 igitur
2356 1184 2383 1213 a

444 1226 636 1271 Marullo
667 1226 892 1283 appositas
924 1239 1020 1269 esse
1051 1239 1307 1281 persuasum
1335 1224 1499 1280 habeo,
1533 1227 1705 1271 homine
1735 1241 1916 1283 graeco,
1958 1241 2086 1284 quem
2124 1231 2252 1271 notas
2282 1227 2381 1271 illas

446 1300 499 1329 eo
529 1285 629 1341 ipso
660 1283 830 1329 saeculo
847 1318 858 1337 ‚
895 1299 982 1339 quo
1012 1298 1124 1338 quae
1163 1297 1298 1338 supra
1327 1283 1457 1327 attuli
1488 1285 1534 1328 in
1580 1285 1728 1329 codice
1770 1285 2044 1329 laurentiano
2073 1287 2237 1341 scripta
2264 1290 2379 1338 sunt,

442 1342 555 1387 bene
584 1342 755 1388 novisse
784 1355 873 1386 non
902 1344 970 1386 est
999 1355 1077 1386 cur
1105 1340 1289 1385 mireris.
1350 1341 1414 1385 Ac
1447 1341 1484 1386 si
1501 1340 1633 1397 locos,
1666 1342 1824 1399 quibus
1841 1346 1971 1387 notae
2001 1343 2230 1399 appositae
2258 1347 2372 1397 sunt,

441 1401 690 1444 accuratius
732 1399 985 1456 inspicimus
1002 1433 1012 1452 ,
1058 1412 1132 1443 eos
1178 1411 1327 1442 omnes
1357 1399 1422 1442 ita
1452 1404 1729 1456 comparatos
1772 1414 1869 1445 esse
1898 1401 2138 1451 invenimus
2154 1435 2164 1455 ,
2209 1404 2259 1445 ut
2289 1415 2376 1445 me-

441 1458 699 1500 morabilem
728 1457 988 1500 senteutiam
1017 1456 1290 1509 contineant,
1337 1469 1450 1512 quae
1480 1458 1552 1500 vel·
1577 1458 1793 1515 gravitate
1822 1471 1903 1501 sua
1934 1458 2002 1501 vel
2027 1462 2254 1502 venustate
2284 1460 2377 1502 ani-

441 1532 562 1560 mum
591 1515 768 1558 Marulli
797 1515 996 1570 tetigisse
1023 1515 1119 1557 iure
1149 1514 1235 1559 dici
1264 1515 1415 1568 possit.

560 1571 682 1626 Quae
708 1587 809 1618 vero
839 1571 987 1630 paullo
1017 1576 1119 1616 ante
1150 1570 1204 1615 de
1233 1570 1430 1617 versibus
1465 1575 1503 1625 1,
1522 1574 1755 1616 551—634
1785 1571 2013 1617 aMarullo
2044 1572 2173 1618 aliter
2202 1574 2375 1618 ordina-

440 1633 500 1677 tis
529 1632 596 1677 ita
638 1631 953 1689 disputavimus
967 1664 978 1686 ,
1020 1634 1070 1676 ut
1109 1630 1241 1676 etiam
1280 1629 1407 1675 nobis
1437 1629 1686 1676 Lucretium
1728 1632 1863 1677 alium
1903 1646 2053 1677 eorum
2084 1632 2278 1678 ordinem
2316 1634 2377 1678 vi·

441 1691 536 1735 deri
576 1691 804 1735 instituere
833 1689 1022 1735 voluisse
1053 1690 1307 1745 diceremus,
1338 1689 1526 1734 fortasse
1556 1689 1686 1734 fidem
1711 1690 1877 1735 faciunt
1903 1704 1957 1735 ne
1987 1691 2175 1749 primum
2204 1691 2377 1748 quidem

436 1749 614 1804 librum,
645 1763 754 1806 quae
783 1749 867 1793 fuit
895 1747 943 1793 C.
975 1748 1240 1792 Lachmanni
1272 1748 1489 1792 sententia
1519 1749 1579 1805 (p.
1613 1750 1713 1806 62),
1746 1749 1803 1793 ab
1834 1763 1884 1793 eo
1914 1763 2095 1806 prorsus
2126 1749 2376 1795 absolutum

437 1807 639 1850 relictum
660 1821 768 1861 esse,
788 1822 886 1849 cum
908 1811 1191 1864 praematura
1205 1810 1344 1849 morte
1365 1806 1653 1863 abriperetur,
1685 1807 1760 1850 sed
1781 1807 1960 1850 schedas
1985 1808 2224 1864 singulares
2243 1809 2376 1852 etiam

437 1866 539 1910 huic
560 1866 675 1910 libro
705 1866 878 1910 additas
902 1866 1050 1920 fuisse,
1080 1866 1126 1909 in
1150 1864 1307 1921 quibus
1336 1868 1470 1920 poeta
1498 1878 1610 1921 quae
1640 1865 1841 1909 addenda
1868 1866 2118 1910 viderentur
2134 1871 2372 1921 exarasset,

442 1938 517 1966 eas
538 1938 640 1967 vero
663 1924 815 1966 deinde
846 1938 933 1966 non
965 1937 1044 1966 suo
1073 1923 1168 1965 loco
1186 1924 1376 1965 insertas
1406 1936 1515 1964 esse.
1575 1923 1685 1965 Eam
1715 1924 1850 1979 igitur
1876 1924 2105 1977 rationem,
2137 1924 2373 1980 quaLach·

435 1997 623 2025 mannus
653 1980 899 2025 admirabili
939 1981 1068 2037 plane
1108 1981 1349 2037 sagacitate
1389 1979 1537 2023 docuit
1552 2015 1562 2033 ,
1605 1981 1777 2024 schedis
1813 1981 1900 2024 illis
1931 1982 2223 2037 singularibus
2254 1982 2372 2025 haud

435 2043 555 2084 recte
585 2039 745 2084 additis
772 2039 934 2084 factum
965 2053 1080 2093 esse,
1112 2044 1162 2083 ut
1189 2053 1303 2083 nunc
1332 2038 1377 2082 in
1405 2037 1598 2094 Lucretii
1628 2038 1890 2084 carminibus
1921 2038 2028 2083 ordo
2060 2039 2372 2084 sententiarum

436 2098 673 2155 aliquando
703 2098 974 2154 interruptus
1004 2102 1082 2141 aut
1109 2096 1262 2141 eadem
1294 2097 1511 2140 sententia
1540 2097 1609 2140 bis
1638 2101 1831 2142 tractata
1861 2111 1956 2141 esse
1985 2097 2185 2141 videatur
2198 2132 2208 2152 ,
2239 2098 2371 2142 etiam

437 2155 495 2200 ad
531 2156 693 2201 librum
723 2156 909 2212 primum
938 2156 1156 2213 pertinere
1186 2155 1536 2199 existimaverim.
1597 2155 1648 2199 In
1677 2155 1791 2200 libro
1822 2160 1981 2212 quarto
2011 2170 2112 2200 vero
2142 2159 2187 2200 et
2216 2157 2369 2212 quinto

434 2215 621 2259 maxime
660 2214 708 2258 id
738 2214 946 2259 accidisse
975 2228 1074 2259 cum
1103 2214 1411 2258 Lachmannus
1441 2215 1708 2270 argumentis
1738 2214 1823 2267 eis,
1867 2228 1979 2271 quae
2018 2214 2073 2258 ad
2104 2214 2368 2271 persuaden-

436 2274 538 2317 dum
577 2274 668 2317 fere
714 2273 911 2318 omnibus
958 2273 1066 2317 locis
1109 2273 1266 2316 idonea
1309 2274 1397 2316 sint
1414 2307 1424 2325 ,
1480 2272 1867 2327 demonstraverit,
1910 2288 2043 2316 unum
2073 2277 2250 2329 praeter
2279 2287 2368 2327 eos,

436 2346 543 2388 quos
573 2332 878 2376 Lachmannus
907 2332 1127 2385 tractavit,
1158 2331 1260 2374 libri
1291 2331 1432 2387 quinti
1461 2330 1604 2375 locum
1634 2331 1787 2376 eodem
1816 2331 1944 2375 modo
1960 2335 2259 2387 comparatum
2274 2345 2369 2375 esse

434 2391 647 2434 existimo.
696 2389 817 2443 Quae
838 2392 950 2434 enim
981 2406 1045 2434 vv.
1068 2392 1356 2433 1202—1238
1375 2389 1605 2443 habentur,
1637 2391 1699 2434 eis
1722 2391 1899 2434 uberius
1930 2390 2148 2434 sententia
2168 2391 2368 2446 exposita

435 2452 513 2501 est,
549 2463 680 2504 quam
704 2452 838 2504 poeta
866 2463 904 2493 v.
924 2452 1033 2492 1187
1065 2452 1109 2493 et
1133 2448 1195 2492 eis
1216 2448 1292 2503 qui
1323 2447 1519 2503 proxime
1540 2452 1781 2503 sequuntur
1806 2448 1997 2492 breviter
2017 2447 2366 2492 adumbraverat.

434 2507 577 2562 Atque
596 2507 662 2551 ita
691 2507 737 2551 hi
759 2521 909 2551 versus
925 2507 1165 2563 comparati
1195 2509 1308 2560 sunt,
1340 2509 1391 2550 ut
1405 2505 1679 2563 enthymema
1700 2506 1755 2551 de
1775 2510 1894 2550 metu
1912 2505 2092 2550 deorum
2122 2505 2185 2550 eis
2201 2505 2366 2561 effecto,

435 2578 547 2620 quae
576 2565 621 2608 in
650 2565 770 2609 coelo
802 2565 870 2609 vel
898 2578 977 2622 per
994 2579 1140 2609 rerum
1168 2568 1373 2608 naturam
1404 2564 1618 2620 reliquam
1639 2565 1916 2609 admirabilia
1954 2568 1999 2608 et
2024 2564 2243 2608 terribilia
2271 2577 2367 2608 sen·

435 2622 556 2665 sibus
586 2637 860 2678 usurpamus,
891 2637 1072 2679 prorsus
1100 2622 1350 2672 absolutum
1379 2623 1424 2664 in
1455 2636 1502 2664 se
1521 2624 1786 2665 contineant.
1847 2623 1932 2665 Per
1962 2636 2009 2665 se
2039 2622 2105 2664 illi
2124 2622 2366 2677 gravissimi

434 2684 538 2724 sunt
562 2683 605 2724 et
625 2686 755 2736 poeta
780 2681 1039 2737 dignissimi:
1069 2681 1153 2725 nisi
1172 2679 1289 2736 quod
1305 2679 1609 2725 Lachmannus
1632 2697 1670 2724 v.
1695 2684 1806 2724 1228
1826 2696 1923 2724 eum
1942 2684 2046 2736 post
2072 2695 2111 2723 v.
2134 2683 2243 2722 1227
2263 2678 2366 2722 addi

430 2737 620 2783 voluisse
648 2743 765 2784 recte
795 2742 949 2796 negat:
980 2738 1056 2784 sed
1085 2738 1167 2784 hoc
1196 2738 1292 2784 loco
1322 2742 1424 2795 post
1445 2753 1509 2792 ea,
1540 2753 1652 2795 quae
1681 2755 1719 2785 v.
1754 2740 2042 2784 1192-1195
2074 2737 2363 2792 continentur,

432 2797 527 2856 apti
556 2810 643 2843 non
681 2801 794 2844 sunt.
855 2797 1023 2845 Eadem
1066 2797 1201 2856 igitur
1230 2811 1378 2843 eorum
1408 2797 1523 2843 ratio
1554 2801 1640 2854 est,
1683 2811 1735 2845 ac
1763 2813 1801 2844 v.
1839 2798 2083 2843 109—234.
2117 2798 2362 2842 509-533.

434 2860 737 2900 1089—1158.
773 2861 1075 2902 1377—1433.
1093 2900 1103 2909 .
1135 2858 1246 2901 Nam
1276 2858 1344 2900 his
1374 2857 1545 2900 demum
1575 2858 1744 2901 schedis
1785 2871 1883 2900 cum
1912 2856 2190 2899 Lachmanno
2235 2857 2361 2900 omis-

427 2915 503 2970 sis,
535 2930 649 2971 quae
676 2915 722 2959 in
744 2914 824 2960 hoc
852 2917 966 2961 libro
986 2917 1187 2961 universo
1218 2915 1503 2971 explicantur,
1534 2916 1596 2959 eis
1626 2917 1897 2969 conveniunt,
1928 2913 2087 2970 quibus
2116 2918 2246 2969 poeta
2267 2916 2362 2971 ipse
