2767 3576
604 373 1124 442 AOADEMIAE
1179 373 1653 437 GEORGIAE
1705 363 2173 438 AUGUSTAE

1141 496 1631 545 PRoBEcToR

782 619 1528 708 THEODORUS
1583 619 1986 708 LEBER

967 782 1207 829 CUM
1278 782 1787 830 SENATU.

546 1082 701 1126 Mirmn
730 1086 811 1134 est,
842 1085 1003 1136 quanta
1031 1082 1074 1124 vi
1104 1094 1274 1125 carmen
1303 1082 1495 1126 Lucretii
1526 1082 1692 1125 animos
1723 1093 1807 1124 non
1831 1094 2009 1136 prorsus
2030 1082 2208 1127 hebetes
2229 1097 2345 1127 com-

428 1144 600 1184 moveat
635 1144 682 1184 et
718 1142 877 1183 teneat.
937 1138 1048 1183 Nam
1077 1151 1320 1193 quanquam
1349 1140 1512 1194 placita
1540 1139 1718 1193 Epicuri
1748 1139 1947 1183 veritatis
1976 1140 2184 1194 igniculos
2198 1175 2208 1193 ,
2249 1142 2343 1195 qui-

428 1197 509 1241 bus
551 1197 755 1240 distincta
795 1208 891 1239 esse
940 1195 1191 1249 videantur,
1245 1209 1438 1240 errorum
1482 1196 1664 1251 caligine
1710 1196 1988 1251 exstinguunt
2025 1202 2071 1240 et
2119 1198 2342 1242 ieiunitate

428 1266 589 1307 eorum,
619 1253 773 1321 quibus
801 1255 932 1307 poeta
959 1253 1221 1307 lampsaceni
1251 1254 1490 1297 doctrinam
1518 1253 1765 1307 philosophi
1795 1252 1959 1297 civibus
1999 1255 2090 1298 suis
2129 1256 2343 1310 explicare

429 1315 560 1366 atque
590 1312 753 1355 animos
780 1310 988 1353 humanos
1017 1322 1044 1352 a
1072 1311 1225 1353 mortis
1255 1314 1384 1365 atque
1415 1311 1593 1353 deorum
1621 1314 1741 1353 metu
1770 1310 1988 1354 vindicare
2017 1312 2184 1364 studet,
2227 1312 2343 1356 haud

429 1382 529 1412 raro
559 1368 801 1422 fatigamur,
833 1367 999 1420 spirare
1029 1371 1173 1410 tamen
1202 1380 1282 1421 per
1311 1368 1453 1410 omnia
1481 1380 1567 1409 non
1597 1372 1764 1410 tantum
1794 1369 1937 1421 magni
1958 1369 2042 1410 vim
2063 1370 2234 1422 ingemi,
2266 1370 2342 1412 sed

428 1425 560 1470 etiam
589 1425 845 1480 gravitatem
864 1423 994 1468 animi
1013 1424 1210 1477 generosi
1228 1423 1356 1468 facile
1376 1424 1598 1468 sentimus.
1658 1424 1809 1477 Neque
1829 1425 1942 1467 enim
1963 1437 2060 1468 eum
2080 1426 2124 1468 in
2146 1425 2343 1468 versibus

427 1482 665 1549 pangendis
694 1480 777 1525 sibi
805 1481 1032 1535 placuisse,
1062 1480 1140 1524 sed
1158 1493 1267 1534 quae
1297 1481 1370 1524 diu
1400 1493 1496 1524 cum
1525 1481 1667 1524 animo
1698 1492 1776 1524 suo
1797 1481 2040 1524 sollicitus
2027 1494 2120 1535 ipse
2141 1485 2187 1524 et
2206 1483 2343 1525 anxiis

428 1540 543 1582 curis
573 1540 762 1594 agitatus
790 1538 995 1580 volvisset
1022 1538 1162 1580 literis
1190 1538 1396 1581 mandare
1437 1541 1484 1580 et
1521 1538 1630 1580 artis
1660 1538 1883 1581 lenociniis
1914 1538 2209 1582 commendare
2245 1539 2343 1582 aliis

427 1597 614 1645 voluisse
648 1595 938 1648 intelligimus.
1004 1594 1115 1637 Nam
1144 1607 1419 1648 quaecunque
1450 1594 1615 1636 animos
1644 1594 1861 1636 hominum
1891 1595 2047 1648 gaudio
2078 1596 2340 1648 permulcere

426 1651 733 1717 felicitatisque
763 1663 892 1694 sensu
921 1650 1110 1694 imbuere
1140 1655 1321 1704 possunt
1349 1655 1438 1694 tam
1468 1651 1622 1694 lucidis
1652 1649 1869 1694 coloribus
1898 1650 2107 1694 describit
2126 1665 2176 1695 ac
2196 1656 2339 1695 tamen

419 1709 700 1765 ,sempiternis
730 1720 804 1752 eos
835 1708 948 1751 curis
978 1708 1186 1762 exagitari
1215 1708 1278 1751 ita
1307 1708 1522 1774 queritur,
1564 1712 1614 1751 ut
1644 1708 1786 1751 omnia
1815 1708 1907 1762 ipse
1936 1712 2138 1763 expertus
2168 1713 2214 1752 et
2242 1722 2339 1764 per-

426 1780 580 1822 pessus
610 1779 706 1810 esse
735 1765 943 1809 videatur.
1018 1765 1170 1808 Omnia
1207 1766 1252 1807 in
1280 1766 1402 1820 peius
1431 1777 1556 1808 ruere
1586 1769 1632 1808 et
1660 1764 1787 1808 finem
1818 1765 2003 1809 omnium
2032 1779 2176 1810 rerum
2205 1779 2340 1821 prope

426 1826 589 1869 instare
620 1824 803 1867 dictitat.
862 1822 1012 1876 Neque
1031 1823 1205 1876 Epicuri
1233 1823 1404 1866 videtur
1433 1823 1676 1876 praeceptis
1706 1823 1812 1866 haec
1842 1823 2037 1866 anxietas
2057 1827 2103 1867 et
2120 1824 2341 1868 maestitia

427 1895 475 1925 re
511 1895 614 1926 vera
644 1880 816 1925 sublata
845 1892 962 1932 esse,
1006 1880 1084 1923 sed
1120 1878 1319 1923 laudibus
1353 1880 1470 1923 illius
1500 1879 1738 1933 splendidis
1768 1884 1813 1923 et
1842 1882 2113 1935 exaggeratis
2143 1894 2239 1925 eum
2270 1894 2339 1925 so-

425 1940 519 1993 pire
548 1939 684 1993 magis
715 1942 760 1981 et
789 1938 1022 1990 reprimere
1052 1950 1160 1990 quae
1189 1937 1323 1990 ipsius
1353 1938 1539 1979 animum
1568 1936 1796 1979 turbarent
1815 1937 2014 1988 voluisse,
2047 1950 2172 1991 quam
2193 1951 2337 1981 veram

426 1997 556 2039 animi
582 1995 839 2039 sententiam
859 1994 1105 2047 exposuisse
1124 1994 1374 2047 putaverim.
1436 1993 1578 2044 Quare
1598 2006 1652 2035 ne
1672 1994 1749 2036 illa
1778 1993 1962 2047 quidem,
1995 2007 2103 2048 quae
2128 1995 2338 2049 Hierony-

426 2066 521 2095 mus
551 2053 608 2096 ad
637 2064 793 2095 annum
822 2050 1025 2093 Abraami
1059 2053 1169 2092 1923
1198 2051 1267 2092 vel
1301 2053 1410 2091 1922
1443 2051 1517 2104 (=
1549 2050 1615 2092 Ol.
1642 2054 1737 2101 171,
1762 2054 1786 2092 3
1817 2051 1883 2092 vel
1907 2054 1931 2092 2
1964 2070 2019 2086 =
2051 2064 2088 2093 a.
2111 2064 2150 2094 u.
2175 2064 2208 2094 c.
2234 2053 2339 2105 660)

426 2110 479 2152 de
509 2109 676 2152 insania
706 2109 797 2150 eius
826 2107 1033 2158 tradidit,
1064 2105 1146 2159 fide
1176 2106 1349 2160 indigna.
1379 2119 1475 2149 esse
1506 2106 1794 2149 indicaverim.

541 2166 647 2209 Cum
676 2166 739 2207 ita
768 2164 1073 2217 praemiserim,
1103 2176 1179 2206 cur
1204 2164 1307 2205 mihi
1337 2176 1482 2205 eorum
1512 2176 1621 2216 quae
1653 2164 1709 2205 ad
1738 2165 1871 2205 vitam
1901 2165 2090 2206 Lucretii
2121 2165 2340 2216 pertinent

424 2226 625 2267 accurata
655 2221 894 2276 cognitione
924 2233 1030 2274 opus
1061 2233 1156 2263 esse
1186 2220 1399 2271 videatur,
1431 2220 1467 2262 si
1499 2220 1594 2273 quis
1625 2232 1796 2263 carmen
1826 2221 1918 2263 eius
1948 2225 2066 2263 recte
2096 2221 2338 2275 intelligere

423 2281 548 2332 velit,
591 2279 760 2323 facilius
790 2281 1036 2321 excusatum
1067 2278 1121 2319 iri
1152 2289 1300 2330 spem,
1347 2276 1461 2330 quod
1498 2276 1579 2319 hoc
1610 2277 1854 2331 scriptionis
1884 2278 2153 2321 academicae
2199 2277 2339 2321 officio

423 2342 540 2389 utor,
583 2341 632 2380 ut
661 2337 843 2390 primum
873 2335 1011 2377 denuo
1042 2335 1095 2376 de
1125 2346 1235 2377 anno
1266 2335 1357 2376 eius
1386 2334 1523 2376 natali
1552 2333 1743 2377 breviter
1771 2347 1991 2387 exponam.
2053 2336 2113 2377 Ac
2143 2335 2339 2377 testimo-

423 2395 494 2438 nia
523 2398 728 2444 veterum,
759 2391 911 2446 quibus
941 2392 985 2433 in
1015 2404 1067 2434 ea
1088 2391 1346 2447 quaestione
1376 2390 1581 2433 utendum
1612 2395 1701 2443 est,
1731 2392 1837 2434 haec
1869 2396 1979 2434 sunt.
2046 2397 2081 2434 1.
2125 2392 2337 2446 Hierony-

422 2465 518 2494 mus
548 2453 576 2493 l.
599 2451 665 2493 d.:
704 2450 825 2492 Titus
856 2449 1081 2490 Lucretius
1106 2452 1232 2500 poeta
1261 2449 1456 2489 nascitur
1477 2477 1487 2487 .
1501 2451 1649 2499 postea
1678 2450 1883 2490 amatorio
1907 2449 2060 2501 poculo
2082 2450 2130 2490 in
2150 2450 2339 2501 furorem

421 2521 566 2552 versus
594 2521 686 2551 cum
714 2506 873 2560 aliquot
902 2505 1031 2548 libros
1051 2518 1134 2559 per
1166 2504 1390 2547 intervalla
1417 2504 1614 2547 insaniae
1644 2505 1959 2549 conscm'hsisset
1985 2520 2085 2560 quos
2103 2510 2249 2559 postea
2266 2506 2340 2550 02·-

423 2579 517 2609 eero
546 2565 789 2615 emendavit,
812 2563 995 2617 propria
1023 2575 1067 2605 se
1094 2575 1223 2604 manu
1251 2562 1463 2615 interfecit
1494 2574 1607 2604 αηηο
1628 2563 1780 2605 aetatis
1799 2573 1933 2606 xum
1961 2597 1968 2605 .
2002 2575 2111 2618 quae
2143 2564 2187 2607 in
2215 2563 2338 2608 codd.

422 2624 496 2663 AF
526 2624 582 2664 ad
612 2635 650 2663 a.
672 2624 795 2670 1922,
826 2621 871 2660 in
898 2620 970 2660 BP
1001 2620 1057 2660 ad
1087 2632 1125 2660 a.
1147 2622 1256 2659 1923
1289 2621 1364 2672 (=
1396 2622 1480 2659 660
1511 2631 1549 2659 a.
1563 2631 1604 2660 u.
1620 2621 1675 2672 c.)
1707 2620 1926 2673 adscripta
1956 2632 2052 2661 esse
2081 2622 2132 2661 A.
2148 2621 2341 2663 Schoene

421 2683 622 2722 testatur.
684 2681 723 2719 2.
754 2676 804 2719 In
833 2676 1043 2729 glossario
1073 2675 1256 2729 quodam
1287 2674 1378 2717 cod.
1404 2677 1671 2717 monacensis
1706 2680 1846 2718 14429
1877 2677 2150 2719 Hermannus
2174 2679 2340 2720 Usener

421 2736 529 2781 haec
559 2736 767 2781 adnotata
796 2733 983 2777 invenit:
1020 2732 1157 2775 ‘Titus
1197 2732 1395 2775 lucretius
1433 2735 1558 2785 poeta
1598 2733 1791 2776 nascitur
1827 2734 1903 2777 sub
1941 2734 2182 2777 consulibus
2213 2748 2222 2757 ·
2253 2740 2341 2777 am‘z

425 2794 524 2836 XX
549 2808 591 2836 u.
615 2793 675 2836 11
701 2797 757 2835 αῆ
786 2790 1006 2844 uiryilium
1038 2790 1167 2844 (Mus.
1198 2790 1374 2832 rhenan.
1403 2792 1456 2831 22
1488 2802 1528 2842 p.
1561 2793 1660 2842 444,
1693 2792 1744 2833 el.
1779 2794 1832 2833 23
1863 2804 1904 2844 p.
1938 2792 2055 2846 679).
2120 2795 2157 2834 3.
2196 2793 2341 2835 Dona-

420 2855 493 2894 tus
523 2852 567 2894 in
596 2851 685 2893 vita
715 2848 894 2902 Vergilii
923 2860 964 2900 p.
987 2851 1040 2889 55
1073 2847 1268 2901 (Suetoni
1298 2846 1507 2899 reliquiae
1539 2847 1605 2889 ed.
1637 2848 1990 2902 Reifferscheid):
2029 2849 2159 2890 initia
2188 2850 2342 2892 aetatis

421 2907 649 2951 Oremonae
690 2907 772 2961 eyit
811 2903 1062 2958 (Vergilius)
1109 2917 1241 2957 usque
1281 2903 1339 2945 ad
1366 2903 1532 2945 virilem
1571 2908 1726 2958 toyam,
1773 2919 1899 2958 quam
1939 2917 2004 2947 xv
2046 2919 2161 2948 anno
2202 2906 2349 2948 natali,

1959 2988 2018 3028 1.
